<response>
  <total>5</total>
  <search_id>DnF1ZXJ5VGhlbkZldGNoBQAAAAAA</search_id>
  <collection xmlns="http://www.loc.gov/MARC21/slim">
    <record>
  <controlfield tag="001">207280</controlfield>
  <controlfield tag="005">20210126164213.0</controlfield>
  <datafield tag="035" ind1=" " ind2=" ">
    <subfield code="a">(houcun)00002</subfield>
  </datafield>
  <datafield tag="041" ind1=" " ind2=" ">
    <subfield code="a">chi</subfield>
  </datafield>
  <datafield tag="245" ind1=" " ind2=" ">
    <subfield code="6">880-02</subfield>
    <subfield code="a">Houcun ju shi ji</subfield>
    <subfield code="b">wu shi juan, mu lu er juan.</subfield>
    <subfield code="p">case (tao) 2</subfield>
  </datafield>
  <datafield tag="260" ind1=" " ind2=" ">
    <subfield code="6">880-03</subfield>
    <subfield code="a">[China</subfield>
    <subfield code="b">s.n.</subfield>
    <subfield code="c">Song, between 1249 and 1279]</subfield>
  </datafield>
  <datafield tag="269" ind1=" " ind2=" ">
    <subfield code="a">1249</subfield>
  </datafield>
  <datafield tag="300" ind1=" " ind2=" ">
    <subfield code="a">14 v. in 5 cases</subfield>
    <subfield code="c">28 cm.</subfield>
  </datafield>
  <datafield tag="336" ind1=" " ind2=" ">
    <subfield code="a">Text</subfield>
  </datafield>
  <datafield tag="700" ind1="1" ind2=" ">
    <subfield code="6">880-01</subfield>
    <subfield code="a">Liu, Kezhuang,  1187-1269.</subfield>
  </datafield>
  <datafield tag="700" ind1="1" ind2=" ">
    <subfield code="6">880-05</subfield>
    <subfield code="a">Lin, Xiufa.</subfield>
  </datafield>
  <datafield tag="700" ind1="1" ind2=" ">
    <subfield code="6">880-06</subfield>
    <subfield code="a">Liang, Qingbiao,  1620-1691.</subfield>
  </datafield>
  <datafield tag="700" ind1="1" ind2=" ">
    <subfield code="6">880-07</subfield>
    <subfield code="a">Weng, Fanggang,  1733-1818.</subfield>
  </datafield>
  <datafield tag="700" ind1="1" ind2=" ">
    <subfield code="6">880-08</subfield>
    <subfield code="a">Gu, Guangqi,  1770-1839.</subfield>
  </datafield>
  <datafield tag="700" ind1="1" ind2=" ">
    <subfield code="6">880-09</subfield>
    <subfield code="a">Liu, Chenggan,  1882-1963.</subfield>
  </datafield>
  <datafield tag="852" ind1=" " ind2=" ">
    <subfield code="c">East Asian Library</subfield>
  </datafield>
  <datafield tag="856" ind1="4" ind2="1">
    <subfield code="u">http://oskicat.berkeley.edu/record=b11352267</subfield>
    <subfield code="y">View library catalog record.</subfield>
  </datafield>
  <datafield tag="856" ind1="4" ind2=" ">
    <subfield code="y">GID248</subfield>
    <subfield code="9">7dd1679e-abbd-4339-938b-f68d31f48156</subfield>
    <subfield code="s">652116</subfield>
    <subfield code="u">https://digicoll.lib.berkeley.edu/record/207280/files/2480.jpeg</subfield>
  </datafield>
  <datafield tag="856" ind1="4" ind2=" ">
    <subfield code="y">GID249</subfield>
    <subfield code="9">3b064b3a-0130-4794-bd7d-400751f76244</subfield>
    <subfield code="s">399135</subfield>
    <subfield code="u">https://digicoll.lib.berkeley.edu/record/207280/files/2490.jpeg</subfield>
  </datafield>
  <datafield tag="856" ind1="4" ind2=" ">
    <subfield code="y">GID250</subfield>
    <subfield code="9">9dddd407-d21d-429c-a40a-9b7d4e6505e0</subfield>
    <subfield code="s">594132</subfield>
    <subfield code="u">https://digicoll.lib.berkeley.edu/record/207280/files/2500.jpeg</subfield>
  </datafield>
  <datafield tag="856" ind1="4" ind2=" ">
    <subfield code="y">GID251</subfield>
    <subfield code="9">83dfddcc-2f46-4dd9-866b-fd436c568ef9</subfield>
    <subfield code="s">616819</subfield>
    <subfield code="u">https://digicoll.lib.berkeley.edu/record/207280/files/2510.jpeg</subfield>
  </datafield>
  <datafield tag="856" ind1="4" ind2=" ">
    <subfield code="y">GID252</subfield>
    <subfield code="9">234df378-f0e6-48fe-bbad-53e9cb0ef7a7</subfield>
    <subfield code="s">608062</subfield>
    <subfield code="u">https://digicoll.lib.berkeley.edu/record/207280/files/2520.jpeg</subfield>
  </datafield>
  <datafield tag="856" ind1="4" ind2=" ">
    <subfield code="y">GID253</subfield>
    <subfield code="9">2334e402-aba6-4e3e-90f5-7343957c341d</subfield>
    <subfield code="s">611386</subfield>
    <subfield code="u">https://digicoll.lib.berkeley.edu/record/207280/files/2530.jpeg</subfield>
  </datafield>
  <datafield tag="856" ind1="4" ind2=" ">
    <subfield code="y">GID254</subfield>
    <subfield code="9">5e74ec8d-3dce-4856-b030-dcb8d9d3edba</subfield>
    <subfield code="s">624568</subfield>
    <subfield code="u">https://digicoll.lib.berkeley.edu/record/207280/files/2540.jpeg</subfield>
  </datafield>
  <datafield tag="856" ind1="4" ind2=" ">
    <subfield code="y">GID255</subfield>
    <subfield code="9">753f4505-7842-4efd-bb2a-e7ea2e00fad1</subfield>
    <subfield code="s">619953</subfield>
    <subfield code="u">https://digicoll.lib.berkeley.edu/record/207280/files/2550.jpeg</subfield>
  </datafield>
  <datafield tag="856" ind1="4" ind2=" ">
    <subfield code="y">GID256</subfield>
    <subfield code="9">636b89ae-ea05-424f-91e9-c78185294aef</subfield>
    <subfield code="s">608041</subfield>
    <subfield code="u">https://digicoll.lib.berkeley.edu/record/207280/files/2560.jpeg</subfield>
  </datafield>
  <datafield tag="856" ind1="4" ind2=" ">
    <subfield code="y">GID257</subfield>
    <subfield code="9">6f9645f8-5b8b-48d6-b7e0-bfef0d4a623a</subfield>
    <subfield code="s">599293</subfield>
    <subfield code="u">https://digicoll.lib.berkeley.edu/record/207280/files/2570.jpeg</subfield>
  </datafield>
  <datafield tag="856" ind1="4" ind2=" ">
    <subfield code="y">GID258</subfield>
    <subfield code="9">82813aa5-f705-4acd-a787-5482703e12ef</subfield>
    <subfield code="s">583773</subfield>
    <subfield code="u">https://digicoll.lib.berkeley.edu/record/207280/files/2580.jpeg</subfield>
  </datafield>
  <datafield tag="856" ind1="4" ind2=" ">
    <subfield code="y">GID259</subfield>
    <subfield code="9">aed78503-cbad-41ec-b438-593082378a24</subfield>
    <subfield code="s">616141</subfield>
    <subfield code="u">https://digicoll.lib.berkeley.edu/record/207280/files/2590.jpeg</subfield>
  </datafield>
  <datafield tag="856" ind1="4" ind2=" ">
    <subfield code="y">GID260</subfield>
    <subfield code="9">db986d2a-ac7d-4c5a-8cbf-ca0224f101ce</subfield>
    <subfield code="s">591582</subfield>
    <subfield code="u">https://digicoll.lib.berkeley.edu/record/207280/files/2600.jpeg</subfield>
  </datafield>
  <datafield tag="856" ind1="4" ind2=" ">
    <subfield code="y">GID261</subfield>
    <subfield code="9">1e4e971e-85c4-4067-bdd6-a32d74ed390e</subfield>
    <subfield code="s">575188</subfield>
    <subfield code="u">https://digicoll.lib.berkeley.edu/record/207280/files/2610.jpeg</subfield>
  </datafield>
  <datafield tag="856" ind1="4" ind2=" ">
    <subfield code="y">GID262</subfield>
    <subfield code="9">eb35fa8b-75c3-4269-83f0-6eeb04f689d5</subfield>
    <subfield code="s">555480</subfield>
    <subfield code="u">https://digicoll.lib.berkeley.edu/record/207280/files/2620.jpeg</subfield>
  </datafield>
  <datafield tag="856" ind1="4" ind2=" ">
    <subfield code="y">GID263</subfield>
    <subfield code="9">92d96f9e-ca91-4afc-b611-92f83ee8d065</subfield>
    <subfield code="s">538656</subfield>
    <subfield code="u">https://digicoll.lib.berkeley.edu/record/207280/files/2630.jpeg</subfield>
  </datafield>
  <datafield tag="856" ind1="4" ind2=" ">
    <subfield code="y">GID264</subfield>
    <subfield code="9">4153f09f-bfd9-4fe2-9123-29db523ea3f2</subfield>
    <subfield code="s">426462</subfield>
    <subfield code="u">https://digicoll.lib.berkeley.edu/record/207280/files/2640.jpeg</subfield>
  </datafield>
  <datafield tag="856" ind1="4" ind2=" ">
    <subfield code="y">GID265</subfield>
    <subfield code="9">844dd3da-1ac4-42c9-90c7-23baccda70e8</subfield>
    <subfield code="s">426543</subfield>
    <subfield code="u">https://digicoll.lib.berkeley.edu/record/207280/files/2650.jpeg</subfield>
  </datafield>
  <datafield tag="856" ind1="4" ind2=" ">
    <subfield code="y">GID266</subfield>
    <subfield code="9">76fb5c69-2309-4c8f-ba84-2541cfd9c388</subfield>
    <subfield code="s">529180</subfield>
    <subfield code="u">https://digicoll.lib.berkeley.edu/record/207280/files/2660.jpeg</subfield>
  </datafield>
  <datafield tag="856" ind1="4" ind2=" ">
    <subfield code="y">GID267</subfield>
    <subfield code="9">c5657193-28f2-4f5e-acf7-e0bb3251c063</subfield>
    <subfield code="s">514272</subfield>
    <subfield code="u">https://digicoll.lib.berkeley.edu/record/207280/files/2670.jpeg</subfield>
  </datafield>
  <datafield tag="856" ind1="4" ind2=" ">
    <subfield code="y">GID268</subfield>
    <subfield code="9">f191fdd4-2cd4-4630-aa3c-106a8263736f</subfield>
    <subfield code="s">513214</subfield>
    <subfield code="u">https://digicoll.lib.berkeley.edu/record/207280/files/2680.jpeg</subfield>
  </datafield>
  <datafield tag="856" ind1="4" ind2=" ">
    <subfield code="y">GID269</subfield>
    <subfield code="9">b041a307-604d-4e5d-8f92-c4a6727e28b4</subfield>
    <subfield code="s">502024</subfield>
    <subfield code="u">https://digicoll.lib.berkeley.edu/record/207280/files/2690.jpeg</subfield>
  </datafield>
  <datafield tag="856" ind1="4" ind2=" ">
    <subfield code="y">GID270</subfield>
    <subfield code="9">8b4f8252-a7af-46e4-9311-7bac2803514b</subfield>
    <subfield code="s">528564</subfield>
    <subfield code="u">https://digicoll.lib.berkeley.edu/record/207280/files/2700.jpeg</subfield>
  </datafield>
  <datafield tag="856" ind1="4" ind2=" ">
    <subfield code="y">GID271</subfield>
    <subfield code="9">d80dd1a1-04d9-4cc5-92ae-685c59cc251d</subfield>
    <subfield code="s">516326</subfield>
    <subfield code="u">https://digicoll.lib.berkeley.edu/record/207280/files/2710.jpeg</subfield>
  </datafield>
  <datafield tag="856" ind1="4" ind2=" ">
    <subfield code="y">GID272</subfield>
    <subfield code="9">c9feed29-018f-497d-a699-4834a014d1fd</subfield>
    <subfield code="s">515292</subfield>
    <subfield code="u">https://digicoll.lib.berkeley.edu/record/207280/files/2720.jpeg</subfield>
  </datafield>
  <datafield tag="856" ind1="4" ind2=" ">
    <subfield code="y">GID273</subfield>
    <subfield code="9">5f853a16-b31c-4846-9ac6-977f4f3127d5</subfield>
    <subfield code="s">519714</subfield>
    <subfield code="u">https://digicoll.lib.berkeley.edu/record/207280/files/2730.jpeg</subfield>
  </datafield>
  <datafield tag="856" ind1="4" ind2=" ">
    <subfield code="y">GID274</subfield>
    <subfield code="9">9e81a5ea-9a4c-4656-9a05-9cdb1627778c</subfield>
    <subfield code="s">521141</subfield>
    <subfield code="u">https://digicoll.lib.berkeley.edu/record/207280/files/2740.jpeg</subfield>
  </datafield>
  <datafield tag="856" ind1="4" ind2=" ">
    <subfield code="y">GID275</subfield>
    <subfield code="9">9e16cc6c-a6b7-4059-a74a-91a3ad5ec1d2</subfield>
    <subfield code="s">526814</subfield>
    <subfield code="u">https://digicoll.lib.berkeley.edu/record/207280/files/2750.jpeg</subfield>
  </datafield>
  <datafield tag="856" ind1="4" ind2=" ">
    <subfield code="y">GID276</subfield>
    <subfield code="9">029ef1da-cfb2-44de-9037-11e7b9c5a1a9</subfield>
    <subfield code="s">456050</subfield>
    <subfield code="u">https://digicoll.lib.berkeley.edu/record/207280/files/2760.jpeg</subfield>
  </datafield>
  <datafield tag="856" ind1="4" ind2=" ">
    <subfield code="y">GID277</subfield>
    <subfield code="9">a7ba390b-a0e0-4ca7-bfa4-02b72ede67ef</subfield>
    <subfield code="s">456027</subfield>
    <subfield code="u">https://digicoll.lib.berkeley.edu/record/207280/files/2770.jpeg</subfield>
  </datafield>
  <datafield tag="856" ind1="4" ind2=" ">
    <subfield code="y">GID278</subfield>
    <subfield code="9">e596c58c-4b6f-4fdc-8f03-c57eb92cbb69</subfield>
    <subfield code="s">524789</subfield>
    <subfield code="u">https://digicoll.lib.berkeley.edu/record/207280/files/2780.jpeg</subfield>
  </datafield>
  <datafield tag="856" ind1="4" ind2=" ">
    <subfield code="y">GID279</subfield>
    <subfield code="9">0d7bde7a-d62b-4be3-ab56-2fcf8ff25996</subfield>
    <subfield code="s">511893</subfield>
    <subfield code="u">https://digicoll.lib.berkeley.edu/record/207280/files/2790.jpeg</subfield>
  </datafield>
  <datafield tag="856" ind1="4" ind2=" ">
    <subfield code="y">GID280</subfield>
    <subfield code="9">a5347ba6-f039-4212-b673-fb8147aa8022</subfield>
    <subfield code="s">514539</subfield>
    <subfield code="u">https://digicoll.lib.berkeley.edu/record/207280/files/2800.jpeg</subfield>
  </datafield>
  <datafield tag="856" ind1="4" ind2=" ">
    <subfield code="y">GID282</subfield>
    <subfield code="9">32303834-b67c-49e4-8f9d-9e1f006eaa5e</subfield>
    <subfield code="s">523408</subfield>
    <subfield code="u">https://digicoll.lib.berkeley.edu/record/207280/files/2820.jpeg</subfield>
  </datafield>
  <datafield tag="856" ind1="4" ind2=" ">
    <subfield code="y">GID283</subfield>
    <subfield code="9">eb3c677e-02bb-403d-9da4-80ab2153d0b3</subfield>
    <subfield code="s">516401</subfield>
    <subfield code="u">https://digicoll.lib.berkeley.edu/record/207280/files/2830.jpeg</subfield>
  </datafield>
  <datafield tag="856" ind1="4" ind2=" ">
    <subfield code="y">GID284</subfield>
    <subfield code="9">d23e2a63-75e8-4c05-845d-34b21a22671e</subfield>
    <subfield code="s">522464</subfield>
    <subfield code="u">https://digicoll.lib.berkeley.edu/record/207280/files/2840.jpeg</subfield>
  </datafield>
  <datafield tag="856" ind1="4" ind2=" ">
    <subfield code="y">GID285</subfield>
    <subfield code="9">aa6f19ff-5f21-4f36-8962-15b9b1db3e88</subfield>
    <subfield code="s">524511</subfield>
    <subfield code="u">https://digicoll.lib.berkeley.edu/record/207280/files/2850.jpeg</subfield>
  </datafield>
  <datafield tag="856" ind1="4" ind2=" ">
    <subfield code="y">GID286</subfield>
    <subfield code="9">b4f5a88d-e594-4ea0-8ab3-4477987b95e3</subfield>
    <subfield code="s">517476</subfield>
    <subfield code="u">https://digicoll.lib.berkeley.edu/record/207280/files/2860.jpeg</subfield>
  </datafield>
  <datafield tag="856" ind1="4" ind2=" ">
    <subfield code="y">GID287</subfield>
    <subfield code="9">083a8d36-5fb9-4d62-beb7-39d031b93146</subfield>
    <subfield code="s">526395</subfield>
    <subfield code="u">https://digicoll.lib.berkeley.edu/record/207280/files/2870.jpeg</subfield>
  </datafield>
  <datafield tag="856" ind1="4" ind2=" ">
    <subfield code="y">GID288</subfield>
    <subfield code="9">5fd1d241-60a4-44f2-b15a-9ee80694698d</subfield>
    <subfield code="s">493048</subfield>
    <subfield code="u">https://digicoll.lib.berkeley.edu/record/207280/files/2880.jpeg</subfield>
  </datafield>
  <datafield tag="856" ind1="4" ind2=" ">
    <subfield code="y">GID289</subfield>
    <subfield code="9">47cc7e14-f550-4b25-b341-8453775df1be</subfield>
    <subfield code="s">491138</subfield>
    <subfield code="u">https://digicoll.lib.berkeley.edu/record/207280/files/2890.jpeg</subfield>
  </datafield>
  <datafield tag="856" ind1="4" ind2=" ">
    <subfield code="y">GID290</subfield>
    <subfield code="9">b47be1f0-03f7-4338-8850-92e337ba5b4a</subfield>
    <subfield code="s">576981</subfield>
    <subfield code="u">https://digicoll.lib.berkeley.edu/record/207280/files/2900.jpeg</subfield>
  </datafield>
  <datafield tag="856" ind1="4" ind2=" ">
    <subfield code="y">GID291</subfield>
    <subfield code="9">e8e5a6ff-f28e-487c-a676-dd2c01eaa70e</subfield>
    <subfield code="s">587130</subfield>
    <subfield code="u">https://digicoll.lib.berkeley.edu/record/207280/files/2910.jpeg</subfield>
  </datafield>
  <datafield tag="856" ind1="4" ind2=" ">
    <subfield code="y">GID292</subfield>
    <subfield code="9">bb4dd703-b9ac-44b8-8094-3e7466c16aa7</subfield>
    <subfield code="s">605733</subfield>
    <subfield code="u">https://digicoll.lib.berkeley.edu/record/207280/files/2920.jpeg</subfield>
  </datafield>
  <datafield tag="856" ind1="4" ind2=" ">
    <subfield code="y">GID293</subfield>
    <subfield code="9">409ec7f8-dfaf-460e-b12a-422382d00345</subfield>
    <subfield code="s">594670</subfield>
    <subfield code="u">https://digicoll.lib.berkeley.edu/record/207280/files/2930.jpeg</subfield>
  </datafield>
  <datafield tag="856" ind1="4" ind2=" ">
    <subfield code="y">GID294</subfield>
    <subfield code="9">a285c080-6bb7-41ac-b50e-70d35e89776e</subfield>
    <subfield code="s">589327</subfield>
    <subfield code="u">https://digicoll.lib.berkeley.edu/record/207280/files/2940.jpeg</subfield>
  </datafield>
  <datafield tag="856" ind1="4" ind2=" ">
    <subfield code="y">GID295</subfield>
    <subfield code="9">72155b2b-48cd-4405-b0b5-56967884588e</subfield>
    <subfield code="s">591696</subfield>
    <subfield code="u">https://digicoll.lib.berkeley.edu/record/207280/files/2950.jpeg</subfield>
  </datafield>
  <datafield tag="856" ind1="4" ind2=" ">
    <subfield code="y">GID296</subfield>
    <subfield code="9">868c9b83-d123-4119-bca4-d6140673d307</subfield>
    <subfield code="s">564753</subfield>
    <subfield code="u">https://digicoll.lib.berkeley.edu/record/207280/files/2960.jpeg</subfield>
  </datafield>
  <datafield tag="856" ind1="4" ind2=" ">
    <subfield code="y">GID297</subfield>
    <subfield code="9">72058f65-43af-4236-803b-f7eb93efb88f</subfield>
    <subfield code="s">567281</subfield>
    <subfield code="u">https://digicoll.lib.berkeley.edu/record/207280/files/2970.jpeg</subfield>
  </datafield>
  <datafield tag="856" ind1="4" ind2=" ">
    <subfield code="y">GID298</subfield>
    <subfield code="9">aaf14227-1ed9-4506-9bf4-bfc49201cf58</subfield>
    <subfield code="s">592773</subfield>
    <subfield code="u">https://digicoll.lib.berkeley.edu/record/207280/files/2980.jpeg</subfield>
  </datafield>
  <datafield tag="856" ind1="4" ind2=" ">
    <subfield code="y">GID299</subfield>
    <subfield code="9">d066ec87-3f2c-40ae-8947-fdfdd853f77e</subfield>
    <subfield code="s">575159</subfield>
    <subfield code="u">https://digicoll.lib.berkeley.edu/record/207280/files/2990.jpeg</subfield>
  </datafield>
  <datafield tag="856" ind1="4" ind2=" ">
    <subfield code="y">GID300</subfield>
    <subfield code="9">e145bfb4-7da9-49d1-9faf-2bab989b7138</subfield>
    <subfield code="s">610955</subfield>
    <subfield code="u">https://digicoll.lib.berkeley.edu/record/207280/files/3000.jpeg</subfield>
  </datafield>
  <datafield tag="856" ind1="4" ind2=" ">
    <subfield code="y">GID301</subfield>
    <subfield code="9">89a96348-cbfd-452f-a144-78cc9683f35a</subfield>
    <subfield code="s">570499</subfield>
    <subfield code="u">https://digicoll.lib.berkeley.edu/record/207280/files/3010.jpeg</subfield>
  </datafield>
  <datafield tag="856" ind1="4" ind2=" ">
    <subfield code="y">GID302</subfield>
    <subfield code="9">7c47dae4-bbe0-47d9-9e6d-9fc74a532cd8</subfield>
    <subfield code="s">577643</subfield>
    <subfield code="u">https://digicoll.lib.berkeley.edu/record/207280/files/3020.jpeg</subfield>
  </datafield>
  <datafield tag="856" ind1="4" ind2=" ">
    <subfield code="y">GID303</subfield>
    <subfield code="9">3105fac3-9b2b-445c-87d8-51a1c5a3c419</subfield>
    <subfield code="s">550569</subfield>
    <subfield code="u">https://digicoll.lib.berkeley.edu/record/207280/files/3030.jpeg</subfield>
  </datafield>
  <datafield tag="856" ind1="4" ind2=" ">
    <subfield code="y">GID304</subfield>
    <subfield code="9">71c06d3b-3a99-45d6-bcb9-88c608cb322d</subfield>
    <subfield code="s">551424</subfield>
    <subfield code="u">https://digicoll.lib.berkeley.edu/record/207280/files/3040.jpeg</subfield>
  </datafield>
  <datafield tag="856" ind1="4" ind2=" ">
    <subfield code="y">GID305</subfield>
    <subfield code="9">ae20165d-e2eb-4888-9765-e1dd844a8e3f</subfield>
    <subfield code="s">585751</subfield>
    <subfield code="u">https://digicoll.lib.berkeley.edu/record/207280/files/3050.jpeg</subfield>
  </datafield>
  <datafield tag="856" ind1="4" ind2=" ">
    <subfield code="y">GID306</subfield>
    <subfield code="9">8b3ebd59-dcb7-498b-aa48-2b6c75e655bf</subfield>
    <subfield code="s">584247</subfield>
    <subfield code="u">https://digicoll.lib.berkeley.edu/record/207280/files/3060.jpeg</subfield>
  </datafield>
  <datafield tag="856" ind1="4" ind2=" ">
    <subfield code="y">GID307</subfield>
    <subfield code="9">f3cd8a17-2c65-4329-9b65-87efd3bf6ffd</subfield>
    <subfield code="s">499005</subfield>
    <subfield code="u">https://digicoll.lib.berkeley.edu/record/207280/files/3070.jpeg</subfield>
  </datafield>
  <datafield tag="856" ind1="4" ind2=" ">
    <subfield code="y">GID308</subfield>
    <subfield code="9">4b2c479d-92d9-4371-86d0-4330895ab728</subfield>
    <subfield code="s">509750</subfield>
    <subfield code="u">https://digicoll.lib.berkeley.edu/record/207280/files/3080.jpeg</subfield>
  </datafield>
  <datafield tag="856" ind1="4" ind2=" ">
    <subfield code="y">GID309</subfield>
    <subfield code="9">e23188af-1d3a-4d4b-869e-47534a473784</subfield>
    <subfield code="s">620121</subfield>
    <subfield code="u">https://digicoll.lib.berkeley.edu/record/207280/files/3090.jpeg</subfield>
  </datafield>
  <datafield tag="856" ind1="4" ind2=" ">
    <subfield code="y">GID310</subfield>
    <subfield code="9">b5f37264-7c6d-43ec-9ef3-e3bc5f06e333</subfield>
    <subfield code="s">598774</subfield>
    <subfield code="u">https://digicoll.lib.berkeley.edu/record/207280/files/3100.jpeg</subfield>
  </datafield>
  <datafield tag="856" ind1="4" ind2=" ">
    <subfield code="y">GID311</subfield>
    <subfield code="9">0c38f536-445c-47a3-a5c0-e501995bc24e</subfield>
    <subfield code="s">584775</subfield>
    <subfield code="u">https://digicoll.lib.berkeley.edu/record/207280/files/3110.jpeg</subfield>
  </datafield>
  <datafield tag="856" ind1="4" ind2=" ">
    <subfield code="y">GID312</subfield>
    <subfield code="9">c77b81a2-f08a-4b7b-ab0a-cdecfa3d869f</subfield>
    <subfield code="s">595619</subfield>
    <subfield code="u">https://digicoll.lib.berkeley.edu/record/207280/files/3120.jpeg</subfield>
  </datafield>
  <datafield tag="856" ind1="4" ind2=" ">
    <subfield code="y">GID313</subfield>
    <subfield code="9">5b564c75-b947-4105-b7e8-ce37290c95c5</subfield>
    <subfield code="s">593640</subfield>
    <subfield code="u">https://digicoll.lib.berkeley.edu/record/207280/files/3130.jpeg</subfield>
  </datafield>
  <datafield tag="856" ind1="4" ind2=" ">
    <subfield code="y">GID314</subfield>
    <subfield code="9">a2c893e6-ec09-40dc-b31c-049357141e57</subfield>
    <subfield code="s">588697</subfield>
    <subfield code="u">https://digicoll.lib.berkeley.edu/record/207280/files/3140.jpeg</subfield>
  </datafield>
  <datafield tag="856" ind1="4" ind2=" ">
    <subfield code="y">GID315</subfield>
    <subfield code="9">a86b0991-76e3-47d0-bdca-4d68280c0f64</subfield>
    <subfield code="s">605016</subfield>
    <subfield code="u">https://digicoll.lib.berkeley.edu/record/207280/files/3150.jpeg</subfield>
  </datafield>
  <datafield tag="856" ind1="4" ind2=" ">
    <subfield code="y">GID316</subfield>
    <subfield code="9">ec3f925a-2490-4dc8-9794-16976c3a1816</subfield>
    <subfield code="s">597166</subfield>
    <subfield code="u">https://digicoll.lib.berkeley.edu/record/207280/files/3160.jpeg</subfield>
  </datafield>
  <datafield tag="856" ind1="4" ind2=" ">
    <subfield code="y">GID317</subfield>
    <subfield code="9">22588169-762c-48c1-9ece-3e2485824f86</subfield>
    <subfield code="s">588075</subfield>
    <subfield code="u">https://digicoll.lib.berkeley.edu/record/207280/files/3170.jpeg</subfield>
  </datafield>
  <datafield tag="856" ind1="4" ind2=" ">
    <subfield code="y">GID318</subfield>
    <subfield code="9">46c0ed9f-04c0-4f36-a188-6165b6096731</subfield>
    <subfield code="s">574557</subfield>
    <subfield code="u">https://digicoll.lib.berkeley.edu/record/207280/files/3180.jpeg</subfield>
  </datafield>
  <datafield tag="856" ind1="4" ind2=" ">
    <subfield code="y">GID319</subfield>
    <subfield code="9">fb09d436-3e3a-47ed-a4f6-b68a452eab86</subfield>
    <subfield code="s">603689</subfield>
    <subfield code="u">https://digicoll.lib.berkeley.edu/record/207280/files/3190.jpeg</subfield>
  </datafield>
  <datafield tag="856" ind1="4" ind2=" ">
    <subfield code="y">GID320</subfield>
    <subfield code="9">5bacf92b-fbad-4c70-9208-9de91177389a</subfield>
    <subfield code="s">589308</subfield>
    <subfield code="u">https://digicoll.lib.berkeley.edu/record/207280/files/3200.jpeg</subfield>
  </datafield>
  <datafield tag="856" ind1="4" ind2=" ">
    <subfield code="y">GID321</subfield>
    <subfield code="9">a39333d8-9b67-4cfe-95e3-25dac3e42fe8</subfield>
    <subfield code="s">589674</subfield>
    <subfield code="u">https://digicoll.lib.berkeley.edu/record/207280/files/3210.jpeg</subfield>
  </datafield>
  <datafield tag="856" ind1="4" ind2=" ">
    <subfield code="y">GID322</subfield>
    <subfield code="9">678aa644-5467-4674-8185-1675c6c96455</subfield>
    <subfield code="s">593881</subfield>
    <subfield code="u">https://digicoll.lib.berkeley.edu/record/207280/files/3220.jpeg</subfield>
  </datafield>
  <datafield tag="856" ind1="4" ind2=" ">
    <subfield code="y">GID323</subfield>
    <subfield code="9">8d682444-bf54-4ac5-a092-acd051a78234</subfield>
    <subfield code="s">593057</subfield>
    <subfield code="u">https://digicoll.lib.berkeley.edu/record/207280/files/3230.jpeg</subfield>
  </datafield>
  <datafield tag="856" ind1="4" ind2=" ">
    <subfield code="y">GID324</subfield>
    <subfield code="9">a9605d4a-7922-407d-a8b7-cefe96a49ffb</subfield>
    <subfield code="s">600641</subfield>
    <subfield code="u">https://digicoll.lib.berkeley.edu/record/207280/files/3240.jpeg</subfield>
  </datafield>
  <datafield tag="856" ind1="4" ind2=" ">
    <subfield code="y">GID325</subfield>
    <subfield code="9">509a5dc8-4540-4148-94ac-e81d4572a067</subfield>
    <subfield code="s">612569</subfield>
    <subfield code="u">https://digicoll.lib.berkeley.edu/record/207280/files/3250.jpeg</subfield>
  </datafield>
  <datafield tag="856" ind1="4" ind2=" ">
    <subfield code="y">GID326</subfield>
    <subfield code="9">7ed10050-32fc-426a-a705-b09570304f22</subfield>
    <subfield code="s">601052</subfield>
    <subfield code="u">https://digicoll.lib.berkeley.edu/record/207280/files/3260.jpeg</subfield>
  </datafield>
  <datafield tag="856" ind1="4" ind2=" ">
    <subfield code="y">GID327</subfield>
    <subfield code="9">2a3459b2-1713-4899-a700-d6d185bb477a</subfield>
    <subfield code="s">346338</subfield>
    <subfield code="u">https://digicoll.lib.berkeley.edu/record/207280/files/3270.jpeg</subfield>
  </datafield>
  <datafield tag="856" ind1="4" ind2=" ">
    <subfield code="y">GID328</subfield>
    <subfield code="9">4a350255-ec54-4250-928e-6f176e2b740d</subfield>
    <subfield code="s">413541</subfield>
    <subfield code="u">https://digicoll.lib.berkeley.edu/record/207280/files/3280.jpeg</subfield>
  </datafield>
  <datafield tag="856" ind1="4" ind2=" ">
    <subfield code="y">GID329</subfield>
    <subfield code="9">f8bf50a4-4cf0-4155-a3bf-cd2a1ba6769f</subfield>
    <subfield code="s">537660</subfield>
    <subfield code="u">https://digicoll.lib.berkeley.edu/record/207280/files/3290.jpeg</subfield>
  </datafield>
  <datafield tag="856" ind1="4" ind2=" ">
    <subfield code="y">GID330</subfield>
    <subfield code="9">426dc84d-ca6d-4728-8b6e-9ecafae3b814</subfield>
    <subfield code="s">558756</subfield>
    <subfield code="u">https://digicoll.lib.berkeley.edu/record/207280/files/3300.jpeg</subfield>
  </datafield>
  <datafield tag="856" ind1="4" ind2=" ">
    <subfield code="y">GID331</subfield>
    <subfield code="9">e0b57a7f-c063-458f-a03f-e7804d99f523</subfield>
    <subfield code="s">552695</subfield>
    <subfield code="u">https://digicoll.lib.berkeley.edu/record/207280/files/3310.jpeg</subfield>
  </datafield>
  <datafield tag="856" ind1="4" ind2=" ">
    <subfield code="y">GID332</subfield>
    <subfield code="9">615d0c9b-04c9-4fcb-9d36-27d1c2f4f481</subfield>
    <subfield code="s">569017</subfield>
    <subfield code="u">https://digicoll.lib.berkeley.edu/record/207280/files/3320.jpeg</subfield>
  </datafield>
  <datafield tag="856" ind1="4" ind2=" ">
    <subfield code="y">GID333</subfield>
    <subfield code="9">8fb06451-c5d1-4be3-a5b8-13a70ab8c160</subfield>
    <subfield code="s">578547</subfield>
    <subfield code="u">https://digicoll.lib.berkeley.edu/record/207280/files/3330.jpeg</subfield>
  </datafield>
  <datafield tag="856" ind1="4" ind2=" ">
    <subfield code="y">GID334</subfield>
    <subfield code="9">69038395-d9f4-4ce1-b818-3d1dd2b748ec</subfield>
    <subfield code="s">569529</subfield>
    <subfield code="u">https://digicoll.lib.berkeley.edu/record/207280/files/3340.jpeg</subfield>
  </datafield>
  <datafield tag="856" ind1="4" ind2=" ">
    <subfield code="y">GID335</subfield>
    <subfield code="9">bb63feb9-3233-48d3-9e93-7f575a0c318d</subfield>
    <subfield code="s">549929</subfield>
    <subfield code="u">https://digicoll.lib.berkeley.edu/record/207280/files/3350.jpeg</subfield>
  </datafield>
  <datafield tag="856" ind1="4" ind2=" ">
    <subfield code="y">GID336</subfield>
    <subfield code="9">a1f2835e-8ca2-430d-bc49-9cfdf07b85a9</subfield>
    <subfield code="s">571344</subfield>
    <subfield code="u">https://digicoll.lib.berkeley.edu/record/207280/files/3360.jpeg</subfield>
  </datafield>
  <datafield tag="856" ind1="4" ind2=" ">
    <subfield code="y">GID337</subfield>
    <subfield code="9">5a6b735c-3779-4925-8772-61552b669200</subfield>
    <subfield code="s">563674</subfield>
    <subfield code="u">https://digicoll.lib.berkeley.edu/record/207280/files/3370.jpeg</subfield>
  </datafield>
  <datafield tag="856" ind1="4" ind2=" ">
    <subfield code="y">GID338</subfield>
    <subfield code="9">e84351d0-65be-4e15-b4eb-a2c3999c0075</subfield>
    <subfield code="s">576626</subfield>
    <subfield code="u">https://digicoll.lib.berkeley.edu/record/207280/files/3380.jpeg</subfield>
  </datafield>
  <datafield tag="856" ind1="4" ind2=" ">
    <subfield code="y">GID339</subfield>
    <subfield code="9">9f5592f8-4e85-45dd-bc2b-aafe7ef5d5e8</subfield>
    <subfield code="s">578130</subfield>
    <subfield code="u">https://digicoll.lib.berkeley.edu/record/207280/files/3390.jpeg</subfield>
  </datafield>
  <datafield tag="856" ind1="4" ind2=" ">
    <subfield code="y">GID340</subfield>
    <subfield code="9">8507eb9f-4e27-4d29-902b-9220281db9bf</subfield>
    <subfield code="s">595375</subfield>
    <subfield code="u">https://digicoll.lib.berkeley.edu/record/207280/files/3400.jpeg</subfield>
  </datafield>
  <datafield tag="856" ind1="4" ind2=" ">
    <subfield code="y">GID341</subfield>
    <subfield code="9">93f9497a-26f2-4172-b2a9-d2e049ea3481</subfield>
    <subfield code="s">590610</subfield>
    <subfield code="u">https://digicoll.lib.berkeley.edu/record/207280/files/3410.jpeg</subfield>
  </datafield>
  <datafield tag="856" ind1="4" ind2=" ">
    <subfield code="y">GID342</subfield>
    <subfield code="9">ebdb5ed7-79d0-4d76-8c5f-fa867d626fb5</subfield>
    <subfield code="s">574601</subfield>
    <subfield code="u">https://digicoll.lib.berkeley.edu/record/207280/files/3420.jpeg</subfield>
  </datafield>
  <datafield tag="856" ind1="4" ind2=" ">
    <subfield code="y">GID343</subfield>
    <subfield code="9">3f76b1fa-ef89-4c33-92c8-52000dc64ed9</subfield>
    <subfield code="s">598884</subfield>
    <subfield code="u">https://digicoll.lib.berkeley.edu/record/207280/files/3430.jpeg</subfield>
  </datafield>
  <datafield tag="856" ind1="4" ind2=" ">
    <subfield code="y">GID344</subfield>
    <subfield code="9">c25d27bb-86bd-4be2-b2e1-0ae3eeb061c1</subfield>
    <subfield code="s">609931</subfield>
    <subfield code="u">https://digicoll.lib.berkeley.edu/record/207280/files/3440.jpeg</subfield>
  </datafield>
  <datafield tag="856" ind1="4" ind2=" ">
    <subfield code="y">GID345</subfield>
    <subfield code="9">04af782b-a04b-45c7-b43a-bc3f0534322d</subfield>
    <subfield code="s">577480</subfield>
    <subfield code="u">https://digicoll.lib.berkeley.edu/record/207280/files/3450.jpeg</subfield>
  </datafield>
  <datafield tag="856" ind1="4" ind2=" ">
    <subfield code="y">GID346</subfield>
    <subfield code="9">0f25a53e-3c4e-4caf-86b3-db7867bd24ca</subfield>
    <subfield code="s">540015</subfield>
    <subfield code="u">https://digicoll.lib.berkeley.edu/record/207280/files/3460.jpeg</subfield>
  </datafield>
  <datafield tag="856" ind1="4" ind2=" ">
    <subfield code="y">GID347</subfield>
    <subfield code="9">92359f9c-a992-4914-bf37-c47473316e77</subfield>
    <subfield code="s">491338</subfield>
    <subfield code="u">https://digicoll.lib.berkeley.edu/record/207280/files/3470.jpeg</subfield>
  </datafield>
  <datafield tag="856" ind1="4" ind2=" ">
    <subfield code="y">GID348</subfield>
    <subfield code="9">f7b2f0ef-866a-4408-bb4d-bb67d48df308</subfield>
    <subfield code="s">491925</subfield>
    <subfield code="u">https://digicoll.lib.berkeley.edu/record/207280/files/3480.jpeg</subfield>
  </datafield>
  <datafield tag="856" ind1="4" ind2=" ">
    <subfield code="y">GID349</subfield>
    <subfield code="9">e2e1ff9f-ecc3-45bb-be5e-0cb08d51ced1</subfield>
    <subfield code="s">624808</subfield>
    <subfield code="u">https://digicoll.lib.berkeley.edu/record/207280/files/3490.jpeg</subfield>
  </datafield>
  <datafield tag="856" ind1="4" ind2=" ">
    <subfield code="y">GID350</subfield>
    <subfield code="9">6d9561f6-bfd4-4e05-842a-c079461b3ef0</subfield>
    <subfield code="s">620598</subfield>
    <subfield code="u">https://digicoll.lib.berkeley.edu/record/207280/files/3500.jpeg</subfield>
  </datafield>
  <datafield tag="856" ind1="4" ind2=" ">
    <subfield code="y">GID351</subfield>
    <subfield code="9">77e95712-b324-441e-bdf0-c98e646fee81</subfield>
    <subfield code="s">622254</subfield>
    <subfield code="u">https://digicoll.lib.berkeley.edu/record/207280/files/3510.jpeg</subfield>
  </datafield>
  <datafield tag="856" ind1="4" ind2=" ">
    <subfield code="y">GID352</subfield>
    <subfield code="9">171fc321-d506-4f02-b5b4-3ace3817ec51</subfield>
    <subfield code="s">610335</subfield>
    <subfield code="u">https://digicoll.lib.berkeley.edu/record/207280/files/3520.jpeg</subfield>
  </datafield>
  <datafield tag="856" ind1="4" ind2=" ">
    <subfield code="y">GID353</subfield>
    <subfield code="9">b3656d99-9533-4a73-90c2-1a6c6f274e29</subfield>
    <subfield code="s">612127</subfield>
    <subfield code="u">https://digicoll.lib.berkeley.edu/record/207280/files/3530.jpeg</subfield>
  </datafield>
  <datafield tag="856" ind1="4" ind2=" ">
    <subfield code="y">GID354</subfield>
    <subfield code="9">c7639973-10b0-4f67-a17d-212745dec1ef</subfield>
    <subfield code="s">622645</subfield>
    <subfield code="u">https://digicoll.lib.berkeley.edu/record/207280/files/3540.jpeg</subfield>
  </datafield>
  <datafield tag="856" ind1="4" ind2=" ">
    <subfield code="y">GID355</subfield>
    <subfield code="9">785af680-62ba-40f6-a3f1-6615e91a6e9c</subfield>
    <subfield code="s">613472</subfield>
    <subfield code="u">https://digicoll.lib.berkeley.edu/record/207280/files/3550.jpeg</subfield>
  </datafield>
  <datafield tag="856" ind1="4" ind2=" ">
    <subfield code="y">GID356</subfield>
    <subfield code="9">b16ab63e-43a6-4a87-8f51-caaf164bfa68</subfield>
    <subfield code="s">610731</subfield>
    <subfield code="u">https://digicoll.lib.berkeley.edu/record/207280/files/3560.jpeg</subfield>
  </datafield>
  <datafield tag="856" ind1="4" ind2=" ">
    <subfield code="y">GID357</subfield>
    <subfield code="9">f0ad7a54-edb1-4ba5-bc67-4e21ec8711ee</subfield>
    <subfield code="s">615942</subfield>
    <subfield code="u">https://digicoll.lib.berkeley.edu/record/207280/files/3570.jpeg</subfield>
  </datafield>
  <datafield tag="856" ind1="4" ind2=" ">
    <subfield code="y">GID358</subfield>
    <subfield code="9">f4fe51ec-7259-4e45-a1b2-80799eba81f7</subfield>
    <subfield code="s">613091</subfield>
    <subfield code="u">https://digicoll.lib.berkeley.edu/record/207280/files/3580.jpeg</subfield>
  </datafield>
  <datafield tag="856" ind1="4" ind2=" ">
    <subfield code="y">GID359</subfield>
    <subfield code="9">ea2e01d2-dc33-4bf8-a4a9-9083a30a35df</subfield>
    <subfield code="s">614066</subfield>
    <subfield code="u">https://digicoll.lib.berkeley.edu/record/207280/files/3590.jpeg</subfield>
  </datafield>
  <datafield tag="856" ind1="4" ind2=" ">
    <subfield code="y">GID360</subfield>
    <subfield code="9">551eda42-6796-41d9-a0b9-3d88bfcbd93c</subfield>
    <subfield code="s">582517</subfield>
    <subfield code="u">https://digicoll.lib.berkeley.edu/record/207280/files/3600.jpeg</subfield>
  </datafield>
  <datafield tag="856" ind1="4" ind2=" ">
    <subfield code="y">GID361</subfield>
    <subfield code="9">49e84a73-0748-4ac2-bc41-09b47f49f03a</subfield>
    <subfield code="s">580728</subfield>
    <subfield code="u">https://digicoll.lib.berkeley.edu/record/207280/files/3610.jpeg</subfield>
  </datafield>
  <datafield tag="856" ind1="4" ind2=" ">
    <subfield code="y">GID362</subfield>
    <subfield code="9">a5e37a75-aec3-4c92-9376-65440749bcdc</subfield>
    <subfield code="s">591726</subfield>
    <subfield code="u">https://digicoll.lib.berkeley.edu/record/207280/files/3620.jpeg</subfield>
  </datafield>
  <datafield tag="856" ind1="4" ind2=" ">
    <subfield code="y">GID363</subfield>
    <subfield code="9">e03e0a56-1c72-4942-9db2-17e815ada09f</subfield>
    <subfield code="s">594963</subfield>
    <subfield code="u">https://digicoll.lib.berkeley.edu/record/207280/files/3630.jpeg</subfield>
  </datafield>
  <datafield tag="856" ind1="4" ind2=" ">
    <subfield code="y">GID364</subfield>
    <subfield code="9">b993ae2c-0d8c-4cf5-bfc1-bbb2bb575bc1</subfield>
    <subfield code="s">585682</subfield>
    <subfield code="u">https://digicoll.lib.berkeley.edu/record/207280/files/3640.jpeg</subfield>
  </datafield>
  <datafield tag="856" ind1="4" ind2=" ">
    <subfield code="y">GID365</subfield>
    <subfield code="9">195417f0-7fa4-42d8-a966-d548f0353484</subfield>
    <subfield code="s">486996</subfield>
    <subfield code="u">https://digicoll.lib.berkeley.edu/record/207280/files/3650.jpeg</subfield>
  </datafield>
  <datafield tag="856" ind1="4" ind2=" ">
    <subfield code="y">GID366</subfield>
    <subfield code="9">62d897a8-d1ec-4885-b1df-1e70d6d4bc71</subfield>
    <subfield code="s">454185</subfield>
    <subfield code="u">https://digicoll.lib.berkeley.edu/record/207280/files/3660.jpeg</subfield>
  </datafield>
  <datafield tag="856" ind1="4" ind2=" ">
    <subfield code="y">GID367</subfield>
    <subfield code="9">2b9cc7a9-8d77-43a8-82f2-b7b855a67bfd</subfield>
    <subfield code="s">453874</subfield>
    <subfield code="u">https://digicoll.lib.berkeley.edu/record/207280/files/3670.jpeg</subfield>
  </datafield>
  <datafield tag="856" ind1="4" ind2=" ">
    <subfield code="y">GID368</subfield>
    <subfield code="9">baf21575-ef25-49c8-9680-a9d35737b801</subfield>
    <subfield code="s">584829</subfield>
    <subfield code="u">https://digicoll.lib.berkeley.edu/record/207280/files/3680.jpeg</subfield>
  </datafield>
  <datafield tag="856" ind1="4" ind2=" ">
    <subfield code="y">GID369</subfield>
    <subfield code="9">7897e55a-3779-4256-aa99-768e1b465b61</subfield>
    <subfield code="s">590255</subfield>
    <subfield code="u">https://digicoll.lib.berkeley.edu/record/207280/files/3690.jpeg</subfield>
  </datafield>
  <datafield tag="856" ind1="4" ind2=" ">
    <subfield code="y">GID370</subfield>
    <subfield code="9">713c5661-655f-4eb9-8559-f20ddfa5e29e</subfield>
    <subfield code="s">573659</subfield>
    <subfield code="u">https://digicoll.lib.berkeley.edu/record/207280/files/3700.jpeg</subfield>
  </datafield>
  <datafield tag="856" ind1="4" ind2=" ">
    <subfield code="y">GID371</subfield>
    <subfield code="9">58bc8a94-e5ec-46dd-bcfe-45168b8ebef6</subfield>
    <subfield code="s">587105</subfield>
    <subfield code="u">https://digicoll.lib.berkeley.edu/record/207280/files/3710.jpeg</subfield>
  </datafield>
  <datafield tag="856" ind1="4" ind2=" ">
    <subfield code="y">GID372</subfield>
    <subfield code="9">7d39ddce-e02f-4a16-9d0c-4cef8657720b</subfield>
    <subfield code="s">591210</subfield>
    <subfield code="u">https://digicoll.lib.berkeley.edu/record/207280/files/3720.jpeg</subfield>
  </datafield>
  <datafield tag="856" ind1="4" ind2=" ">
    <subfield code="y">GID373</subfield>
    <subfield code="9">d3f94e02-9165-4387-9772-7503b1379ea3</subfield>
    <subfield code="s">596590</subfield>
    <subfield code="u">https://digicoll.lib.berkeley.edu/record/207280/files/3730.jpeg</subfield>
  </datafield>
  <datafield tag="856" ind1="4" ind2=" ">
    <subfield code="y">GID374</subfield>
    <subfield code="9">54da9aa1-ac4e-4f10-a5dc-c2dddee8b9fc</subfield>
    <subfield code="s">592320</subfield>
    <subfield code="u">https://digicoll.lib.berkeley.edu/record/207280/files/3740.jpeg</subfield>
  </datafield>
  <datafield tag="856" ind1="4" ind2=" ">
    <subfield code="y">GID375</subfield>
    <subfield code="9">4068f72a-f89c-4d9b-bfa1-5f15f28b2485</subfield>
    <subfield code="s">598103</subfield>
    <subfield code="u">https://digicoll.lib.berkeley.edu/record/207280/files/3750.jpeg</subfield>
  </datafield>
  <datafield tag="856" ind1="4" ind2=" ">
    <subfield code="y">GID376</subfield>
    <subfield code="9">c756facf-2f14-456a-be79-9a07f8a82b56</subfield>
    <subfield code="s">577711</subfield>
    <subfield code="u">https://digicoll.lib.berkeley.edu/record/207280/files/3760.jpeg</subfield>
  </datafield>
  <datafield tag="856" ind1="4" ind2=" ">
    <subfield code="y">GID377</subfield>
    <subfield code="9">b240ff93-9a2b-43a2-bdd0-759ae2777e10</subfield>
    <subfield code="s">567861</subfield>
    <subfield code="u">https://digicoll.lib.berkeley.edu/record/207280/files/3770.jpeg</subfield>
  </datafield>
  <datafield tag="856" ind1="4" ind2=" ">
    <subfield code="y">GID378</subfield>
    <subfield code="9">71d7fa2f-a973-428c-84f3-f37103c02b8a</subfield>
    <subfield code="s">568341</subfield>
    <subfield code="u">https://digicoll.lib.berkeley.edu/record/207280/files/3780.jpeg</subfield>
  </datafield>
  <datafield tag="856" ind1="4" ind2=" ">
    <subfield code="y">GID379</subfield>
    <subfield code="9">f13361b2-53ce-4610-9c12-ccc775d5b04d</subfield>
    <subfield code="s">545815</subfield>
    <subfield code="u">https://digicoll.lib.berkeley.edu/record/207280/files/3790.jpeg</subfield>
  </datafield>
  <datafield tag="856" ind1="4" ind2=" ">
    <subfield code="y">GID380</subfield>
    <subfield code="9">90060a8c-ffca-4b4d-a607-0579a00e59ff</subfield>
    <subfield code="s">538214</subfield>
    <subfield code="u">https://digicoll.lib.berkeley.edu/record/207280/files/3800.jpeg</subfield>
  </datafield>
  <datafield tag="856" ind1="4" ind2=" ">
    <subfield code="y">GID381</subfield>
    <subfield code="9">5a76df55-52a1-498d-aa43-7c2214aa920a</subfield>
    <subfield code="s">524530</subfield>
    <subfield code="u">https://digicoll.lib.berkeley.edu/record/207280/files/3810.jpeg</subfield>
  </datafield>
  <datafield tag="856" ind1="4" ind2=" ">
    <subfield code="y">GID382</subfield>
    <subfield code="9">6dd3c893-2062-43a8-a549-15759736b3b6</subfield>
    <subfield code="s">557481</subfield>
    <subfield code="u">https://digicoll.lib.berkeley.edu/record/207280/files/3820.jpeg</subfield>
  </datafield>
  <datafield tag="856" ind1="4" ind2=" ">
    <subfield code="y">GID383</subfield>
    <subfield code="9">395e2433-3e69-43e2-8c68-d76d86abed12</subfield>
    <subfield code="s">568104</subfield>
    <subfield code="u">https://digicoll.lib.berkeley.edu/record/207280/files/3830.jpeg</subfield>
  </datafield>
  <datafield tag="856" ind1="4" ind2=" ">
    <subfield code="y">GID384</subfield>
    <subfield code="9">3139630f-324f-4f83-91d0-6cc9fc5b1227</subfield>
    <subfield code="s">578845</subfield>
    <subfield code="u">https://digicoll.lib.berkeley.edu/record/207280/files/3840.jpeg</subfield>
  </datafield>
  <datafield tag="856" ind1="4" ind2=" ">
    <subfield code="y">GID385</subfield>
    <subfield code="9">41743d64-7019-4079-8199-249943907a70</subfield>
    <subfield code="s">347848</subfield>
    <subfield code="u">https://digicoll.lib.berkeley.edu/record/207280/files/3850.jpeg</subfield>
  </datafield>
  <datafield tag="856" ind1="4" ind2=" ">
    <subfield code="y">GID386</subfield>
    <subfield code="9">4f464a3f-dcbc-4a86-828f-d5d2b246d167</subfield>
    <subfield code="s">422204</subfield>
    <subfield code="u">https://digicoll.lib.berkeley.edu/record/207280/files/3860.jpeg</subfield>
  </datafield>
  <datafield tag="856" ind1="4" ind2=" ">
    <subfield code="y">GID387</subfield>
    <subfield code="9">60f19ba5-0552-4c9a-b0c1-57e64bb3b26f</subfield>
    <subfield code="s">609104</subfield>
    <subfield code="u">https://digicoll.lib.berkeley.edu/record/207280/files/3870.jpeg</subfield>
  </datafield>
  <datafield tag="856" ind1="4" ind2=" ">
    <subfield code="y">GID388</subfield>
    <subfield code="9">b34199d2-7669-4b17-97ee-8338fc14c31b</subfield>
    <subfield code="s">603575</subfield>
    <subfield code="u">https://digicoll.lib.berkeley.edu/record/207280/files/3880.jpeg</subfield>
  </datafield>
  <datafield tag="856" ind1="4" ind2=" ">
    <subfield code="y">GID389</subfield>
    <subfield code="9">76c3bfbe-a282-4e5b-bac0-f026153c7d5d</subfield>
    <subfield code="s">603775</subfield>
    <subfield code="u">https://digicoll.lib.berkeley.edu/record/207280/files/3890.jpeg</subfield>
  </datafield>
  <datafield tag="856" ind1="4" ind2=" ">
    <subfield code="y">GID390</subfield>
    <subfield code="9">57e2f770-a897-4ed9-a3aa-d90363808787</subfield>
    <subfield code="s">601279</subfield>
    <subfield code="u">https://digicoll.lib.berkeley.edu/record/207280/files/3900.jpeg</subfield>
  </datafield>
  <datafield tag="856" ind1="4" ind2=" ">
    <subfield code="y">GID391</subfield>
    <subfield code="9">59e881fd-9325-4122-af6c-604662215f8a</subfield>
    <subfield code="s">600359</subfield>
    <subfield code="u">https://digicoll.lib.berkeley.edu/record/207280/files/3910.jpeg</subfield>
  </datafield>
  <datafield tag="856" ind1="4" ind2=" ">
    <subfield code="y">GID392</subfield>
    <subfield code="9">dd4717e7-fce2-479f-b553-923b827e49c4</subfield>
    <subfield code="s">614074</subfield>
    <subfield code="u">https://digicoll.lib.berkeley.edu/record/207280/files/3920.jpeg</subfield>
  </datafield>
  <datafield tag="856" ind1="4" ind2=" ">
    <subfield code="y">GID393</subfield>
    <subfield code="9">01a42ac1-aae3-4a5d-ae04-1179447eaa4f</subfield>
    <subfield code="s">606477</subfield>
    <subfield code="u">https://digicoll.lib.berkeley.edu/record/207280/files/3930.jpeg</subfield>
  </datafield>
  <datafield tag="856" ind1="4" ind2=" ">
    <subfield code="y">GID394</subfield>
    <subfield code="9">39befcc3-c9bf-4d15-84c2-67541544af55</subfield>
    <subfield code="s">603843</subfield>
    <subfield code="u">https://digicoll.lib.berkeley.edu/record/207280/files/3940.jpeg</subfield>
  </datafield>
  <datafield tag="856" ind1="4" ind2=" ">
    <subfield code="y">GID395</subfield>
    <subfield code="9">52e7240a-1f6e-4217-9c21-9bdbf46e6d9f</subfield>
    <subfield code="s">612348</subfield>
    <subfield code="u">https://digicoll.lib.berkeley.edu/record/207280/files/3950.jpeg</subfield>
  </datafield>
  <datafield tag="856" ind1="4" ind2=" ">
    <subfield code="y">GID396</subfield>
    <subfield code="9">49a6a05d-1444-4751-83b8-e978986acb79</subfield>
    <subfield code="s">623171</subfield>
    <subfield code="u">https://digicoll.lib.berkeley.edu/record/207280/files/3960.jpeg</subfield>
  </datafield>
  <datafield tag="856" ind1="4" ind2=" ">
    <subfield code="y">GID397</subfield>
    <subfield code="9">7fa10506-74da-48a2-9e9a-34d215db4af6</subfield>
    <subfield code="s">634100</subfield>
    <subfield code="u">https://digicoll.lib.berkeley.edu/record/207280/files/3970.jpeg</subfield>
  </datafield>
  <datafield tag="856" ind1="4" ind2=" ">
    <subfield code="y">GID398</subfield>
    <subfield code="9">4b9adfac-9d85-4601-b877-8f66b6c74446</subfield>
    <subfield code="s">617352</subfield>
    <subfield code="u">https://digicoll.lib.berkeley.edu/record/207280/files/3980.jpeg</subfield>
  </datafield>
  <datafield tag="856" ind1="4" ind2=" ">
    <subfield code="y">GID399</subfield>
    <subfield code="9">134f867f-78e4-4897-9538-8225e174a50f</subfield>
    <subfield code="s">630789</subfield>
    <subfield code="u">https://digicoll.lib.berkeley.edu/record/207280/files/3990.jpeg</subfield>
  </datafield>
  <datafield tag="856" ind1="4" ind2=" ">
    <subfield code="y">GID400</subfield>
    <subfield code="9">7923253f-e94d-41e9-a314-e8d310b14ced</subfield>
    <subfield code="s">626807</subfield>
    <subfield code="u">https://digicoll.lib.berkeley.edu/record/207280/files/4000.jpeg</subfield>
  </datafield>
  <datafield tag="856" ind1="4" ind2=" ">
    <subfield code="y">GID401</subfield>
    <subfield code="9">e0408f17-f260-4681-a0bd-d0cea43682bc</subfield>
    <subfield code="s">612517</subfield>
    <subfield code="u">https://digicoll.lib.berkeley.edu/record/207280/files/4010.jpeg</subfield>
  </datafield>
  <datafield tag="856" ind1="4" ind2=" ">
    <subfield code="y">GID402</subfield>
    <subfield code="9">1266ae56-4955-452f-9079-e89c22b1eecd</subfield>
    <subfield code="s">622534</subfield>
    <subfield code="u">https://digicoll.lib.berkeley.edu/record/207280/files/4020.jpeg</subfield>
  </datafield>
  <datafield tag="856" ind1="4" ind2=" ">
    <subfield code="y">GID403</subfield>
    <subfield code="9">484c56cb-292d-4c13-81f4-cf3c5d2956d6</subfield>
    <subfield code="s">553805</subfield>
    <subfield code="u">https://digicoll.lib.berkeley.edu/record/207280/files/4030.jpeg</subfield>
  </datafield>
  <datafield tag="856" ind1="4" ind2=" ">
    <subfield code="y">GID404</subfield>
    <subfield code="9">31d5705e-3e77-4a33-8bc1-01fad1780873</subfield>
    <subfield code="s">450282</subfield>
    <subfield code="u">https://digicoll.lib.berkeley.edu/record/207280/files/4040.jpeg</subfield>
  </datafield>
  <datafield tag="856" ind1="4" ind2=" ">
    <subfield code="y">GID405</subfield>
    <subfield code="9">bdfe2b11-d7a9-4396-a1c1-1d4259d4ca4c</subfield>
    <subfield code="s">608504</subfield>
    <subfield code="u">https://digicoll.lib.berkeley.edu/record/207280/files/4050.jpeg</subfield>
  </datafield>
  <datafield tag="856" ind1="4" ind2=" ">
    <subfield code="y">GID406</subfield>
    <subfield code="9">11056052-ac9e-4a77-813c-e626e633f79b</subfield>
    <subfield code="s">603332</subfield>
    <subfield code="u">https://digicoll.lib.berkeley.edu/record/207280/files/4060.jpeg</subfield>
  </datafield>
  <datafield tag="856" ind1="4" ind2=" ">
    <subfield code="y">GID407</subfield>
    <subfield code="9">33952f1a-a3b0-4dee-b26a-505522d947bc</subfield>
    <subfield code="s">602999</subfield>
    <subfield code="u">https://digicoll.lib.berkeley.edu/record/207280/files/4070.jpeg</subfield>
  </datafield>
  <datafield tag="856" ind1="4" ind2=" ">
    <subfield code="y">GID408</subfield>
    <subfield code="9">e90c5bb3-aba4-42f3-854c-e97136c46136</subfield>
    <subfield code="s">596466</subfield>
    <subfield code="u">https://digicoll.lib.berkeley.edu/record/207280/files/4080.jpeg</subfield>
  </datafield>
  <datafield tag="856" ind1="4" ind2=" ">
    <subfield code="y">GID409</subfield>
    <subfield code="9">e1563bfc-b646-41eb-abd0-9e18426cbebf</subfield>
    <subfield code="s">595836</subfield>
    <subfield code="u">https://digicoll.lib.berkeley.edu/record/207280/files/4090.jpeg</subfield>
  </datafield>
  <datafield tag="856" ind1="4" ind2=" ">
    <subfield code="y">GID410</subfield>
    <subfield code="9">9c6de917-0c90-4f32-bd39-97fd4eca4c16</subfield>
    <subfield code="s">613950</subfield>
    <subfield code="u">https://digicoll.lib.berkeley.edu/record/207280/files/4100.jpeg</subfield>
  </datafield>
  <datafield tag="856" ind1="4" ind2=" ">
    <subfield code="y">GID411</subfield>
    <subfield code="9">2c1325ce-b766-4455-a549-48f5eb488d52</subfield>
    <subfield code="s">609553</subfield>
    <subfield code="u">https://digicoll.lib.berkeley.edu/record/207280/files/4110.jpeg</subfield>
  </datafield>
  <datafield tag="856" ind1="4" ind2=" ">
    <subfield code="y">GID412</subfield>
    <subfield code="9">f5b96671-583a-4bb4-a9d4-506bc6b7e57f</subfield>
    <subfield code="s">635491</subfield>
    <subfield code="u">https://digicoll.lib.berkeley.edu/record/207280/files/4120.jpeg</subfield>
  </datafield>
  <datafield tag="856" ind1="4" ind2=" ">
    <subfield code="y">GID413</subfield>
    <subfield code="9">8bb72944-32bc-4072-9cdd-9bbe08b7e957</subfield>
    <subfield code="s">629544</subfield>
    <subfield code="u">https://digicoll.lib.berkeley.edu/record/207280/files/4130.jpeg</subfield>
  </datafield>
  <datafield tag="856" ind1="4" ind2=" ">
    <subfield code="y">GID414</subfield>
    <subfield code="9">344271a7-9269-4b8e-82b8-5631a3371bb8</subfield>
    <subfield code="s">624264</subfield>
    <subfield code="u">https://digicoll.lib.berkeley.edu/record/207280/files/4140.jpeg</subfield>
  </datafield>
  <datafield tag="856" ind1="4" ind2=" ">
    <subfield code="y">GID415</subfield>
    <subfield code="9">f59bb4b6-7ab8-4886-8afa-d489f9e21e74</subfield>
    <subfield code="s">612539</subfield>
    <subfield code="u">https://digicoll.lib.berkeley.edu/record/207280/files/4150.jpeg</subfield>
  </datafield>
  <datafield tag="856" ind1="4" ind2=" ">
    <subfield code="y">GID416</subfield>
    <subfield code="9">e0aa5306-4f41-4101-968b-d77540c031b7</subfield>
    <subfield code="s">618443</subfield>
    <subfield code="u">https://digicoll.lib.berkeley.edu/record/207280/files/4160.jpeg</subfield>
  </datafield>
  <datafield tag="856" ind1="4" ind2=" ">
    <subfield code="y">GID418</subfield>
    <subfield code="9">ba8b9004-8714-494f-952b-157331bee026</subfield>
    <subfield code="s">611304</subfield>
    <subfield code="u">https://digicoll.lib.berkeley.edu/record/207280/files/4180.jpeg</subfield>
  </datafield>
  <datafield tag="856" ind1="4" ind2=" ">
    <subfield code="y">GID419</subfield>
    <subfield code="9">87398e27-0df7-4a81-8af7-11259f7ac45f</subfield>
    <subfield code="s">621747</subfield>
    <subfield code="u">https://digicoll.lib.berkeley.edu/record/207280/files/4190.jpeg</subfield>
  </datafield>
  <datafield tag="856" ind1="4" ind2=" ">
    <subfield code="y">GID420</subfield>
    <subfield code="9">85b315aa-de8f-4ddc-8eda-96afb5bef580</subfield>
    <subfield code="s">622129</subfield>
    <subfield code="u">https://digicoll.lib.berkeley.edu/record/207280/files/4200.jpeg</subfield>
  </datafield>
  <datafield tag="856" ind1="4" ind2=" ">
    <subfield code="y">GID421</subfield>
    <subfield code="9">02b70662-eae9-460c-a331-c6ba22a319f6</subfield>
    <subfield code="s">594409</subfield>
    <subfield code="u">https://digicoll.lib.berkeley.edu/record/207280/files/4210.jpeg</subfield>
  </datafield>
  <datafield tag="856" ind1="4" ind2=" ">
    <subfield code="y">GID422</subfield>
    <subfield code="9">bcd26084-4ccc-43b3-b672-c0baee202bc1</subfield>
    <subfield code="s">594192</subfield>
    <subfield code="u">https://digicoll.lib.berkeley.edu/record/207280/files/4220.jpeg</subfield>
  </datafield>
  <datafield tag="856" ind1="4" ind2=" ">
    <subfield code="y">GID423</subfield>
    <subfield code="9">adf64aa9-5130-4034-8156-6b7c0108867f</subfield>
    <subfield code="s">596284</subfield>
    <subfield code="u">https://digicoll.lib.berkeley.edu/record/207280/files/4230.jpeg</subfield>
  </datafield>
  <datafield tag="856" ind1="4" ind2=" ">
    <subfield code="y">GID424</subfield>
    <subfield code="9">41c2430b-3133-4a12-8aa3-fc6949b5d4d4</subfield>
    <subfield code="s">607991</subfield>
    <subfield code="u">https://digicoll.lib.berkeley.edu/record/207280/files/4240.jpeg</subfield>
  </datafield>
  <datafield tag="856" ind1="4" ind2=" ">
    <subfield code="y">GID425</subfield>
    <subfield code="9">10801474-310a-4c48-b939-effd1350cc93</subfield>
    <subfield code="s">595703</subfield>
    <subfield code="u">https://digicoll.lib.berkeley.edu/record/207280/files/4250.jpeg</subfield>
  </datafield>
  <datafield tag="856" ind1="4" ind2=" ">
    <subfield code="y">GID426</subfield>
    <subfield code="9">a510b2b8-1ce2-4d6b-a58e-4d078e8c5516</subfield>
    <subfield code="s">590465</subfield>
    <subfield code="u">https://digicoll.lib.berkeley.edu/record/207280/files/4260.jpeg</subfield>
  </datafield>
  <datafield tag="856" ind1="4" ind2=" ">
    <subfield code="y">GID427</subfield>
    <subfield code="9">c002b749-b88b-430d-970b-a20f0b4503ff</subfield>
    <subfield code="s">601614</subfield>
    <subfield code="u">https://digicoll.lib.berkeley.edu/record/207280/files/4270.jpeg</subfield>
  </datafield>
  <datafield tag="856" ind1="4" ind2=" ">
    <subfield code="y">GID428</subfield>
    <subfield code="9">ddcc5709-3c27-469e-87e8-14a4466cbbf5</subfield>
    <subfield code="s">606182</subfield>
    <subfield code="u">https://digicoll.lib.berkeley.edu/record/207280/files/4280.jpeg</subfield>
  </datafield>
  <datafield tag="856" ind1="4" ind2=" ">
    <subfield code="y">GID429</subfield>
    <subfield code="9">133e78e2-4902-4966-9170-32b131e3c644</subfield>
    <subfield code="s">612096</subfield>
    <subfield code="u">https://digicoll.lib.berkeley.edu/record/207280/files/4290.jpeg</subfield>
  </datafield>
  <datafield tag="856" ind1="4" ind2=" ">
    <subfield code="y">GID430</subfield>
    <subfield code="9">e4283c1d-9faa-459f-a4e6-38b7f192fa8d</subfield>
    <subfield code="s">629796</subfield>
    <subfield code="u">https://digicoll.lib.berkeley.edu/record/207280/files/4300.jpeg</subfield>
  </datafield>
  <datafield tag="856" ind1="4" ind2=" ">
    <subfield code="y">GID431</subfield>
    <subfield code="9">4f47c7a5-f5f4-4e2b-a3bf-d686389856c3</subfield>
    <subfield code="s">614081</subfield>
    <subfield code="u">https://digicoll.lib.berkeley.edu/record/207280/files/4310.jpeg</subfield>
  </datafield>
  <datafield tag="856" ind1="4" ind2=" ">
    <subfield code="y">GID432</subfield>
    <subfield code="9">c7077d67-a514-4848-b278-4e76fe4975db</subfield>
    <subfield code="s">636352</subfield>
    <subfield code="u">https://digicoll.lib.berkeley.edu/record/207280/files/4320.jpeg</subfield>
  </datafield>
  <datafield tag="856" ind1="4" ind2=" ">
    <subfield code="y">GID433</subfield>
    <subfield code="9">d2640fa9-fc4d-4a72-a2ae-8a26efc7ec00</subfield>
    <subfield code="s">628045</subfield>
    <subfield code="u">https://digicoll.lib.berkeley.edu/record/207280/files/4330.jpeg</subfield>
  </datafield>
  <datafield tag="856" ind1="4" ind2=" ">
    <subfield code="y">GID434</subfield>
    <subfield code="9">73b3d400-fc9c-4df6-a078-6c841fbbb46b</subfield>
    <subfield code="s">599501</subfield>
    <subfield code="u">https://digicoll.lib.berkeley.edu/record/207280/files/4340.jpeg</subfield>
  </datafield>
  <datafield tag="856" ind1="4" ind2=" ">
    <subfield code="y">GID435</subfield>
    <subfield code="9">4284a176-85e6-469d-9154-e3a18f09deb3</subfield>
    <subfield code="s">620150</subfield>
    <subfield code="u">https://digicoll.lib.berkeley.edu/record/207280/files/4350.jpeg</subfield>
  </datafield>
  <datafield tag="856" ind1="4" ind2=" ">
    <subfield code="y">GID436</subfield>
    <subfield code="9">bc8d6421-21c0-4459-bf28-00ac32a5a1dd</subfield>
    <subfield code="s">609917</subfield>
    <subfield code="u">https://digicoll.lib.berkeley.edu/record/207280/files/4360.jpeg</subfield>
  </datafield>
  <datafield tag="856" ind1="4" ind2=" ">
    <subfield code="y">GID437</subfield>
    <subfield code="9">f6764cc3-ea32-4fe9-99de-67bb6363a737</subfield>
    <subfield code="s">579059</subfield>
    <subfield code="u">https://digicoll.lib.berkeley.edu/record/207280/files/4370.jpeg</subfield>
  </datafield>
  <datafield tag="856" ind1="4" ind2=" ">
    <subfield code="y">GID438</subfield>
    <subfield code="9">b4bcc756-0d1b-43b0-b057-7c191dbd93e6</subfield>
    <subfield code="s">321874</subfield>
    <subfield code="u">https://digicoll.lib.berkeley.edu/record/207280/files/4380.jpeg</subfield>
  </datafield>
  <datafield tag="856" ind1="4" ind2=" ">
    <subfield code="y">GID440</subfield>
    <subfield code="9">92652d83-cc14-4bb2-9036-c160fdf39a32</subfield>
    <subfield code="s">599087</subfield>
    <subfield code="u">https://digicoll.lib.berkeley.edu/record/207280/files/4400.jpeg</subfield>
  </datafield>
  <datafield tag="856" ind1="4" ind2=" ">
    <subfield code="y">GID441</subfield>
    <subfield code="9">411b4c8f-e5ea-49e7-8a26-aafda4f790e4</subfield>
    <subfield code="s">571520</subfield>
    <subfield code="u">https://digicoll.lib.berkeley.edu/record/207280/files/4410.jpeg</subfield>
  </datafield>
  <datafield tag="856" ind1="4" ind2=" ">
    <subfield code="y">GID442</subfield>
    <subfield code="9">9bff96e8-662d-4c03-ad57-018da56a3568</subfield>
    <subfield code="s">590025</subfield>
    <subfield code="u">https://digicoll.lib.berkeley.edu/record/207280/files/4420.jpeg</subfield>
  </datafield>
  <datafield tag="856" ind1="4" ind2=" ">
    <subfield code="y">GID443</subfield>
    <subfield code="9">f0308294-588c-457f-bb65-8edd6e7e8890</subfield>
    <subfield code="s">578248</subfield>
    <subfield code="u">https://digicoll.lib.berkeley.edu/record/207280/files/4430.jpeg</subfield>
  </datafield>
  <datafield tag="856" ind1="4" ind2=" ">
    <subfield code="y">GID444</subfield>
    <subfield code="9">76875461-4214-4b80-b3a3-5990ad960e73</subfield>
    <subfield code="s">596338</subfield>
    <subfield code="u">https://digicoll.lib.berkeley.edu/record/207280/files/4440.jpeg</subfield>
  </datafield>
  <datafield tag="856" ind1="4" ind2=" ">
    <subfield code="y">GID445</subfield>
    <subfield code="9">363733c8-bb5e-4b8b-b658-e8e5e1eef086</subfield>
    <subfield code="s">619423</subfield>
    <subfield code="u">https://digicoll.lib.berkeley.edu/record/207280/files/4450.jpeg</subfield>
  </datafield>
  <datafield tag="856" ind1="4" ind2=" ">
    <subfield code="y">GID446</subfield>
    <subfield code="9">4ef78e9a-0f63-4927-aff6-a0299a435ebe</subfield>
    <subfield code="s">597202</subfield>
    <subfield code="u">https://digicoll.lib.berkeley.edu/record/207280/files/4460.jpeg</subfield>
  </datafield>
  <datafield tag="856" ind1="4" ind2=" ">
    <subfield code="y">GID447</subfield>
    <subfield code="9">fa1b5279-c2ef-4656-9de0-be372e1152d4</subfield>
    <subfield code="s">584292</subfield>
    <subfield code="u">https://digicoll.lib.berkeley.edu/record/207280/files/4470.jpeg</subfield>
  </datafield>
  <datafield tag="856" ind1="4" ind2=" ">
    <subfield code="y">GID448</subfield>
    <subfield code="9">91041769-d245-4937-af4f-1c5478f36a2c</subfield>
    <subfield code="s">575404</subfield>
    <subfield code="u">https://digicoll.lib.berkeley.edu/record/207280/files/4480.jpeg</subfield>
  </datafield>
  <datafield tag="856" ind1="4" ind2=" ">
    <subfield code="y">GID449</subfield>
    <subfield code="9">76ec4304-dcd5-41c2-9d8d-006a0a3c4de2</subfield>
    <subfield code="s">584277</subfield>
    <subfield code="u">https://digicoll.lib.berkeley.edu/record/207280/files/4490.jpeg</subfield>
  </datafield>
  <datafield tag="856" ind1="4" ind2=" ">
    <subfield code="y">GID450</subfield>
    <subfield code="9">dee9ce37-f030-450f-bad6-506014435619</subfield>
    <subfield code="s">580248</subfield>
    <subfield code="u">https://digicoll.lib.berkeley.edu/record/207280/files/4500.jpeg</subfield>
  </datafield>
  <datafield tag="856" ind1="4" ind2=" ">
    <subfield code="y">GID451</subfield>
    <subfield code="9">6845519c-e0e2-4ec3-ab39-ddf96247fc57</subfield>
    <subfield code="s">600359</subfield>
    <subfield code="u">https://digicoll.lib.berkeley.edu/record/207280/files/4510.jpeg</subfield>
  </datafield>
  <datafield tag="856" ind1="4" ind2=" ">
    <subfield code="y">GID452</subfield>
    <subfield code="9">85abeab3-6417-4182-86a2-85111b0852b4</subfield>
    <subfield code="s">630140</subfield>
    <subfield code="u">https://digicoll.lib.berkeley.edu/record/207280/files/4520.jpeg</subfield>
  </datafield>
  <datafield tag="856" ind1="4" ind2=" ">
    <subfield code="y">GID453</subfield>
    <subfield code="9">9994420e-315b-468d-a2b5-1e44282e58e5</subfield>
    <subfield code="s">576806</subfield>
    <subfield code="u">https://digicoll.lib.berkeley.edu/record/207280/files/4530.jpeg</subfield>
  </datafield>
  <datafield tag="856" ind1="4" ind2=" ">
    <subfield code="y">GID454</subfield>
    <subfield code="9">e220dc06-7443-4653-bd65-eee7666e6c6b</subfield>
    <subfield code="s">572660</subfield>
    <subfield code="u">https://digicoll.lib.berkeley.edu/record/207280/files/4540.jpeg</subfield>
  </datafield>
  <datafield tag="856" ind1="4" ind2=" ">
    <subfield code="y">GID455</subfield>
    <subfield code="9">11a60699-711c-4aa7-9868-21d855a2f0f9</subfield>
    <subfield code="s">600964</subfield>
    <subfield code="u">https://digicoll.lib.berkeley.edu/record/207280/files/4550.jpeg</subfield>
  </datafield>
  <datafield tag="856" ind1="4" ind2=" ">
    <subfield code="y">GID456</subfield>
    <subfield code="9">74ec8440-3825-4882-b5e5-00ec531d06f1</subfield>
    <subfield code="s">548259</subfield>
    <subfield code="u">https://digicoll.lib.berkeley.edu/record/207280/files/4560.jpeg</subfield>
  </datafield>
  <datafield tag="856" ind1="4" ind2=" ">
    <subfield code="y">GID457</subfield>
    <subfield code="9">03039614-8c50-40e5-8230-19282d6848a7</subfield>
    <subfield code="s">548205</subfield>
    <subfield code="u">https://digicoll.lib.berkeley.edu/record/207280/files/4570.jpeg</subfield>
  </datafield>
  <datafield tag="856" ind1="4" ind2=" ">
    <subfield code="y">GID458</subfield>
    <subfield code="9">f234f53a-1ffc-4d3e-93ba-8ebfe03a59c8</subfield>
    <subfield code="s">605589</subfield>
    <subfield code="u">https://digicoll.lib.berkeley.edu/record/207280/files/4580.jpeg</subfield>
  </datafield>
  <datafield tag="856" ind1="4" ind2=" ">
    <subfield code="y">GID459</subfield>
    <subfield code="9">fb23e6d1-a311-41af-825c-c812f26367a2</subfield>
    <subfield code="s">614300</subfield>
    <subfield code="u">https://digicoll.lib.berkeley.edu/record/207280/files/4590.jpeg</subfield>
  </datafield>
  <datafield tag="856" ind1="4" ind2=" ">
    <subfield code="y">GID460</subfield>
    <subfield code="9">f8347ed4-9013-4480-a244-196f25b88dd5</subfield>
    <subfield code="s">616052</subfield>
    <subfield code="u">https://digicoll.lib.berkeley.edu/record/207280/files/4600.jpeg</subfield>
  </datafield>
  <datafield tag="856" ind1="4" ind2=" ">
    <subfield code="y">GID461</subfield>
    <subfield code="9">99330022-17b0-4f80-8da4-c346305ef43e</subfield>
    <subfield code="s">633976</subfield>
    <subfield code="u">https://digicoll.lib.berkeley.edu/record/207280/files/4610.jpeg</subfield>
  </datafield>
  <datafield tag="856" ind1="4" ind2=" ">
    <subfield code="y">GID462</subfield>
    <subfield code="9">a5961453-0951-4182-915b-88a642c0739b</subfield>
    <subfield code="s">625550</subfield>
    <subfield code="u">https://digicoll.lib.berkeley.edu/record/207280/files/4620.jpeg</subfield>
  </datafield>
  <datafield tag="856" ind1="4" ind2=" ">
    <subfield code="y">GID463</subfield>
    <subfield code="9">8dcbb787-ef26-4ea8-b56a-d921e7cb70c7</subfield>
    <subfield code="s">622240</subfield>
    <subfield code="u">https://digicoll.lib.berkeley.edu/record/207280/files/4630.jpeg</subfield>
  </datafield>
  <datafield tag="856" ind1="4" ind2=" ">
    <subfield code="y">GID464</subfield>
    <subfield code="9">aab95781-d1c7-4fe7-8631-8549fae68f8d</subfield>
    <subfield code="s">630661</subfield>
    <subfield code="u">https://digicoll.lib.berkeley.edu/record/207280/files/4640.jpeg</subfield>
  </datafield>
  <datafield tag="856" ind1="4" ind2=" ">
    <subfield code="y">GID465</subfield>
    <subfield code="9">d06aaadd-b7e8-493f-b800-d9a2971ff9fc</subfield>
    <subfield code="s">605341</subfield>
    <subfield code="u">https://digicoll.lib.berkeley.edu/record/207280/files/4650.jpeg</subfield>
  </datafield>
  <datafield tag="856" ind1="4" ind2=" ">
    <subfield code="y">GID466</subfield>
    <subfield code="9">c5c88198-9aba-4568-bb90-45d7ffa13b44</subfield>
    <subfield code="s">610398</subfield>
    <subfield code="u">https://digicoll.lib.berkeley.edu/record/207280/files/4660.jpeg</subfield>
  </datafield>
  <datafield tag="856" ind1="4" ind2=" ">
    <subfield code="y">GID467</subfield>
    <subfield code="9">b75a1d77-a7c8-44fd-8746-22c605518470</subfield>
    <subfield code="s">610341</subfield>
    <subfield code="u">https://digicoll.lib.berkeley.edu/record/207280/files/4670.jpeg</subfield>
  </datafield>
  <datafield tag="856" ind1="4" ind2=" ">
    <subfield code="y">GID468</subfield>
    <subfield code="9">8369a423-f85e-4f8e-9180-7c62579582bf</subfield>
    <subfield code="s">607032</subfield>
    <subfield code="u">https://digicoll.lib.berkeley.edu/record/207280/files/4680.jpeg</subfield>
  </datafield>
  <datafield tag="856" ind1="4" ind2=" ">
    <subfield code="y">GID469</subfield>
    <subfield code="9">f1568596-760a-41e8-9d3d-82c58f20f551</subfield>
    <subfield code="s">604480</subfield>
    <subfield code="u">https://digicoll.lib.berkeley.edu/record/207280/files/4690.jpeg</subfield>
  </datafield>
  <datafield tag="856" ind1="4" ind2=" ">
    <subfield code="y">GID470</subfield>
    <subfield code="9">eec00521-9c21-4634-bbde-ea692ec06b00</subfield>
    <subfield code="s">627051</subfield>
    <subfield code="u">https://digicoll.lib.berkeley.edu/record/207280/files/4700.jpeg</subfield>
  </datafield>
  <datafield tag="856" ind1="4" ind2=" ">
    <subfield code="y">GID471</subfield>
    <subfield code="9">c258e20b-5779-4e39-85c3-b346ae34806b</subfield>
    <subfield code="s">613483</subfield>
    <subfield code="u">https://digicoll.lib.berkeley.edu/record/207280/files/4710.jpeg</subfield>
  </datafield>
  <datafield tag="856" ind1="4" ind2=" ">
    <subfield code="y">GID472</subfield>
    <subfield code="9">775bc9d8-2327-4b2f-a1a8-9034c090ba27</subfield>
    <subfield code="s">606765</subfield>
    <subfield code="u">https://digicoll.lib.berkeley.edu/record/207280/files/4720.jpeg</subfield>
  </datafield>
  <datafield tag="856" ind1="4" ind2=" ">
    <subfield code="y">GID473</subfield>
    <subfield code="9">fdbdd95c-0283-45fd-88c7-679ffe9b44e6</subfield>
    <subfield code="s">616912</subfield>
    <subfield code="u">https://digicoll.lib.berkeley.edu/record/207280/files/4730.jpeg</subfield>
  </datafield>
  <datafield tag="856" ind1="4" ind2=" ">
    <subfield code="y">GID474</subfield>
    <subfield code="9">d742e5a9-dc87-437d-b55a-1099a0035978</subfield>
    <subfield code="s">614202</subfield>
    <subfield code="u">https://digicoll.lib.berkeley.edu/record/207280/files/4740.jpeg</subfield>
  </datafield>
  <datafield tag="856" ind1="4" ind2=" ">
    <subfield code="y">GID475</subfield>
    <subfield code="9">196d3ce9-a8c8-48e4-adda-e1eaf0956d79</subfield>
    <subfield code="s">565965</subfield>
    <subfield code="u">https://digicoll.lib.berkeley.edu/record/207280/files/4750.jpeg</subfield>
  </datafield>
  <datafield tag="856" ind1="4" ind2=" ">
    <subfield code="y">GID476</subfield>
    <subfield code="9">9cdc5913-99ac-4f21-a171-88c099455428</subfield>
    <subfield code="s">518722</subfield>
    <subfield code="u">https://digicoll.lib.berkeley.edu/record/207280/files/4760.jpeg</subfield>
  </datafield>
  <datafield tag="856" ind1="4" ind2=" ">
    <subfield code="y">GID477</subfield>
    <subfield code="9">67973ec5-08fc-4083-87bd-3c4659073964</subfield>
    <subfield code="s">518800</subfield>
    <subfield code="u">https://digicoll.lib.berkeley.edu/record/207280/files/4770.jpeg</subfield>
  </datafield>
  <datafield tag="856" ind1="4" ind2=" ">
    <subfield code="y">GID478</subfield>
    <subfield code="9">27b2ce8d-45d7-4c51-a048-7e773dc4cf20</subfield>
    <subfield code="s">625683</subfield>
    <subfield code="u">https://digicoll.lib.berkeley.edu/record/207280/files/4780.jpeg</subfield>
  </datafield>
  <datafield tag="856" ind1="4" ind2=" ">
    <subfield code="y">GID479</subfield>
    <subfield code="9">c368474e-4a5f-4616-b67c-7d2b932d1ce7</subfield>
    <subfield code="s">605821</subfield>
    <subfield code="u">https://digicoll.lib.berkeley.edu/record/207280/files/4790.jpeg</subfield>
  </datafield>
  <datafield tag="856" ind1="4" ind2=" ">
    <subfield code="y">GID480</subfield>
    <subfield code="9">e89b7ae5-7ce4-459c-a4db-e608d352787a</subfield>
    <subfield code="s">620717</subfield>
    <subfield code="u">https://digicoll.lib.berkeley.edu/record/207280/files/4800.jpeg</subfield>
  </datafield>
  <datafield tag="856" ind1="4" ind2=" ">
    <subfield code="y">GID481</subfield>
    <subfield code="9">cfd0cbb1-b3ee-4a14-a3da-f74e69ff56af</subfield>
    <subfield code="s">615378</subfield>
    <subfield code="u">https://digicoll.lib.berkeley.edu/record/207280/files/4810.jpeg</subfield>
  </datafield>
  <datafield tag="856" ind1="4" ind2=" ">
    <subfield code="y">GID482</subfield>
    <subfield code="9">5d415aaa-5c39-4732-9a3e-40658d759d1b</subfield>
    <subfield code="s">592907</subfield>
    <subfield code="u">https://digicoll.lib.berkeley.edu/record/207280/files/4820.jpeg</subfield>
  </datafield>
  <datafield tag="856" ind1="4" ind2=" ">
    <subfield code="y">GID483</subfield>
    <subfield code="9">acbb8192-89c2-4089-bf71-7a6ae14d3faf</subfield>
    <subfield code="s">600593</subfield>
    <subfield code="u">https://digicoll.lib.berkeley.edu/record/207280/files/4830.jpeg</subfield>
  </datafield>
  <datafield tag="856" ind1="4" ind2=" ">
    <subfield code="y">GID484</subfield>
    <subfield code="9">97f5f8e4-8f7b-43d6-b58f-818b5f395342</subfield>
    <subfield code="s">588002</subfield>
    <subfield code="u">https://digicoll.lib.berkeley.edu/record/207280/files/4840.jpeg</subfield>
  </datafield>
  <datafield tag="856" ind1="4" ind2=" ">
    <subfield code="y">GID485</subfield>
    <subfield code="9">4fb091d1-127d-4047-9cc6-818f230987bf</subfield>
    <subfield code="s">593199</subfield>
    <subfield code="u">https://digicoll.lib.berkeley.edu/record/207280/files/4850.jpeg</subfield>
  </datafield>
  <datafield tag="856" ind1="4" ind2=" ">
    <subfield code="y">GID486</subfield>
    <subfield code="9">d5039a31-3885-4fb8-90ff-ed9beb58ca49</subfield>
    <subfield code="s">611046</subfield>
    <subfield code="u">https://digicoll.lib.berkeley.edu/record/207280/files/4860.jpeg</subfield>
  </datafield>
  <datafield tag="856" ind1="4" ind2=" ">
    <subfield code="y">GID487</subfield>
    <subfield code="9">2c96d2b4-1a9b-41c1-9b69-c38e3f9fda39</subfield>
    <subfield code="s">643757</subfield>
    <subfield code="u">https://digicoll.lib.berkeley.edu/record/207280/files/4870.jpeg</subfield>
  </datafield>
  <datafield tag="856" ind1="4" ind2=" ">
    <subfield code="y">GID488</subfield>
    <subfield code="9">f6587baa-b6c2-4138-a520-185acad5e93a</subfield>
    <subfield code="s">639033</subfield>
    <subfield code="u">https://digicoll.lib.berkeley.edu/record/207280/files/4880.jpeg</subfield>
  </datafield>
  <datafield tag="856" ind1="4" ind2=" ">
    <subfield code="y">GID489</subfield>
    <subfield code="9">bf232c07-3317-4753-b43b-12933c089ad3</subfield>
    <subfield code="s">613196</subfield>
    <subfield code="u">https://digicoll.lib.berkeley.edu/record/207280/files/4890.jpeg</subfield>
  </datafield>
  <datafield tag="856" ind1="4" ind2=" ">
    <subfield code="y">GID490</subfield>
    <subfield code="9">ece66a93-94d1-4490-9a66-8a5d025c1438</subfield>
    <subfield code="s">635334</subfield>
    <subfield code="u">https://digicoll.lib.berkeley.edu/record/207280/files/4900.jpeg</subfield>
  </datafield>
  <datafield tag="856" ind1="4" ind2=" ">
    <subfield code="y">GID491</subfield>
    <subfield code="9">a6f9e2cd-738a-47f6-b06b-f9e125d2efb7</subfield>
    <subfield code="s">633979</subfield>
    <subfield code="u">https://digicoll.lib.berkeley.edu/record/207280/files/4910.jpeg</subfield>
  </datafield>
  <datafield tag="856" ind1="4" ind2=" ">
    <subfield code="y">GID492</subfield>
    <subfield code="9">1e964e8a-f3c2-422c-ae58-6b8ac21061fd</subfield>
    <subfield code="s">633120</subfield>
    <subfield code="u">https://digicoll.lib.berkeley.edu/record/207280/files/4920.jpeg</subfield>
  </datafield>
  <datafield tag="856" ind1="4" ind2=" ">
    <subfield code="y">GID493</subfield>
    <subfield code="9">602f261e-6ccf-43df-8117-a7d1f87645d1</subfield>
    <subfield code="s">614431</subfield>
    <subfield code="u">https://digicoll.lib.berkeley.edu/record/207280/files/4930.jpeg</subfield>
  </datafield>
  <datafield tag="856" ind1="4" ind2=" ">
    <subfield code="y">GID494</subfield>
    <subfield code="9">dfa0ac79-5ab3-4b76-be37-640f2e50d2ac</subfield>
    <subfield code="s">629783</subfield>
    <subfield code="u">https://digicoll.lib.berkeley.edu/record/207280/files/4940.jpeg</subfield>
  </datafield>
  <datafield tag="856" ind1="4" ind2=" ">
    <subfield code="y">GID495</subfield>
    <subfield code="9">1909ac6f-6515-44a9-9b57-7825a13172df</subfield>
    <subfield code="s">582690</subfield>
    <subfield code="u">https://digicoll.lib.berkeley.edu/record/207280/files/4950.jpeg</subfield>
  </datafield>
  <datafield tag="856" ind1="4" ind2=" ">
    <subfield code="y">GID496</subfield>
    <subfield code="9">7a143b36-8b45-46ac-bdb6-91dec553b986</subfield>
    <subfield code="s">335129</subfield>
    <subfield code="u">https://digicoll.lib.berkeley.edu/record/207280/files/4960.jpeg</subfield>
  </datafield>
  <datafield tag="880" ind1=" " ind2=" ">
    <subfield code="6">100-01/$1</subfield>
    <subfield code="a">,  1187-1269.</subfield>
  </datafield>
  <datafield tag="880" ind1=" " ind2=" ">
    <subfield code="6">245-02/$1</subfield>
    <subfield code="a"></subfield>
    <subfield code="b">, </subfield>
  </datafield>
  <datafield tag="880" ind1=" " ind2=" ">
    <subfield code="6">260-03/$1</subfield>
    <subfield code="a">[China</subfield>
    <subfield code="b">s.n.</subfield>
    <subfield code="c">, between 1249 and 1279]</subfield>
  </datafield>
  <datafield tag="880" ind1=" " ind2=" ">
    <subfield code="6">500-00/$1</subfield>
    <subfield code="a">""" ... ".</subfield>
  </datafield>
  <datafield tag="880" ind1=" " ind2=" ">
    <subfield code="6">500-00/$1</subfield>
    <subfield code="a">19.4 x 12.9, 1021, , , . .</subfield>
  </datafield>
  <datafield tag="880" ind1=" " ind2=" ">
    <subfield code="6">500-00/$1</subfield>
    <subfield code="a">(40-45)19.4 x 12.9, 1021, , , . """".</subfield>
  </datafield>
  <datafield tag="880" ind1=" " ind2=" ">
    <subfield code="6">590-00/$1</subfield>
    <subfield code="a">"", "", "", "".</subfield>
  </datafield>
  <datafield tag="880" ind1=" " ind2=" ">
    <subfield code="6">650-04/$1</subfield>
    <subfield code="a"> --  -- .</subfield>
  </datafield>
  <datafield tag="880" ind1=" " ind2=" ">
    <subfield code="6">700-05/$1</subfield>
    <subfield code="e">.</subfield>
    <subfield code="a"></subfield>
  </datafield>
  <datafield tag="880" ind1=" " ind2=" ">
    <subfield code="6">700-06/$1</subfield>
    <subfield code="e">.</subfield>
    <subfield code="a">,  1620-1691</subfield>
  </datafield>
  <datafield tag="880" ind1=" " ind2=" ">
    <subfield code="6">700-07/$1</subfield>
    <subfield code="e">.</subfield>
    <subfield code="a">,  1733-1818</subfield>
  </datafield>
  <datafield tag="880" ind1=" " ind2=" ">
    <subfield code="6">700-08/$1</subfield>
    <subfield code="e">.</subfield>
    <subfield code="a">,  1776-1835</subfield>
  </datafield>
  <datafield tag="880" ind1=" " ind2=" ">
    <subfield code="6">700-09/$1</subfield>
    <subfield code="e">.</subfield>
    <subfield code="a">,  1882-1963</subfield>
  </datafield>
  <datafield tag="901" ind1=" " ind2=" ">
    <subfield code="m">b11352267</subfield>
    <subfield code="o">122793034</subfield>
  </datafield>
  <datafield tag="902" ind1=" " ind2=" ">
    <subfield code="d">2021-01-26</subfield>
    <subfield code="n">YZ</subfield>
  </datafield>
  <datafield tag="903" ind1=" " ind2=" ">
    <subfield code="b">m</subfield>
  </datafield>
  <datafield tag="980" ind1=" " ind2=" ">
    <subfield code="a">Houcun ju shi ji</subfield>
  </datafield>
  <datafield tag="982" ind1=" " ind2=" ">
    <subfield code="a">Houcun ju shi ji</subfield>
    <subfield code="b">Houcun ju shi ji</subfield>
  </datafield>
</record>