
    <record>
  <controlfield tag="001">207281</controlfield>
  <controlfield tag="005">20210126171217.0</controlfield>
  <datafield tag="035" ind1=" " ind2=" ">
    <subfield code="a">(houcun)00003</subfield>
  </datafield>
  <datafield tag="041" ind1=" " ind2=" ">
    <subfield code="a">chi</subfield>
  </datafield>
  <datafield tag="245" ind1=" " ind2=" ">
    <subfield code="6">880-02</subfield>
    <subfield code="a">Houcun ju shi ji</subfield>
    <subfield code="b">wu shi juan, mu lu er juan.</subfield>
    <subfield code="p">case (tao) 3</subfield>
  </datafield>
  <datafield tag="260" ind1=" " ind2=" ">
    <subfield code="6">880-03</subfield>
    <subfield code="a">[China</subfield>
    <subfield code="b">s.n.</subfield>
    <subfield code="c">Song, between 1249 and 1279]</subfield>
  </datafield>
  <datafield tag="269" ind1=" " ind2=" ">
    <subfield code="a">1249</subfield>
  </datafield>
  <datafield tag="300" ind1=" " ind2=" ">
    <subfield code="a">14 v. in 5 cases</subfield>
    <subfield code="c">28 cm.</subfield>
  </datafield>
  <datafield tag="336" ind1=" " ind2=" ">
    <subfield code="a">Text</subfield>
  </datafield>
  <datafield tag="700" ind1="1" ind2=" ">
    <subfield code="6">880-01</subfield>
    <subfield code="a">Liu, Kezhuang,  1187-1269.</subfield>
  </datafield>
  <datafield tag="700" ind1="1" ind2=" ">
    <subfield code="6">880-05</subfield>
    <subfield code="a">Lin, Xiufa.</subfield>
  </datafield>
  <datafield tag="700" ind1="1" ind2=" ">
    <subfield code="6">880-06</subfield>
    <subfield code="a">Liang, Qingbiao,  1620-1691.</subfield>
  </datafield>
  <datafield tag="700" ind1="1" ind2=" ">
    <subfield code="6">880-07</subfield>
    <subfield code="a">Weng, Fanggang,  1733-1818.</subfield>
  </datafield>
  <datafield tag="700" ind1="1" ind2=" ">
    <subfield code="6">880-08</subfield>
    <subfield code="a">Gu, Guangqi,  1770-1839.</subfield>
  </datafield>
  <datafield tag="700" ind1="1" ind2=" ">
    <subfield code="6">880-09</subfield>
    <subfield code="a">Liu, Chenggan,  1882-1963.</subfield>
  </datafield>
  <datafield tag="852" ind1=" " ind2=" ">
    <subfield code="c">East Asian Library</subfield>
  </datafield>
  <datafield tag="856" ind1="4" ind2="1">
    <subfield code="u">http://oskicat.berkeley.edu/record=b11352267</subfield>
    <subfield code="y">View library catalog record.</subfield>
  </datafield>
  <datafield tag="856" ind1="4" ind2=" ">
    <subfield code="y">GID497</subfield>
    <subfield code="9">e510656a-7a03-4e1e-8276-e40e5754cebc</subfield>
    <subfield code="s">676940</subfield>
    <subfield code="u">https://digicoll.lib.berkeley.edu/record/207281/files/4970.jpeg</subfield>
  </datafield>
  <datafield tag="856" ind1="4" ind2=" ">
    <subfield code="y">GID498</subfield>
    <subfield code="9">9de50974-ca0e-45be-afc3-eedcc0f23bf9</subfield>
    <subfield code="s">437369</subfield>
    <subfield code="u">https://digicoll.lib.berkeley.edu/record/207281/files/4980.jpeg</subfield>
  </datafield>
  <datafield tag="856" ind1="4" ind2=" ">
    <subfield code="y">GID499</subfield>
    <subfield code="9">3d7b3672-68b8-4add-9f94-fa1b0b926a51</subfield>
    <subfield code="s">634668</subfield>
    <subfield code="u">https://digicoll.lib.berkeley.edu/record/207281/files/4990.jpeg</subfield>
  </datafield>
  <datafield tag="856" ind1="4" ind2=" ">
    <subfield code="y">GID500</subfield>
    <subfield code="9">1aff3924-44e9-4d70-b66e-ab6200c29406</subfield>
    <subfield code="s">623156</subfield>
    <subfield code="u">https://digicoll.lib.berkeley.edu/record/207281/files/5000.jpeg</subfield>
  </datafield>
  <datafield tag="856" ind1="4" ind2=" ">
    <subfield code="y">GID501</subfield>
    <subfield code="9">058e5bd7-f202-4e6b-a67c-21ecdd941c54</subfield>
    <subfield code="s">643914</subfield>
    <subfield code="u">https://digicoll.lib.berkeley.edu/record/207281/files/5010.jpeg</subfield>
  </datafield>
  <datafield tag="856" ind1="4" ind2=" ">
    <subfield code="y">GID502</subfield>
    <subfield code="9">5830fddd-dedd-475f-8791-c141e2a838fd</subfield>
    <subfield code="s">627331</subfield>
    <subfield code="u">https://digicoll.lib.berkeley.edu/record/207281/files/5020.jpeg</subfield>
  </datafield>
  <datafield tag="856" ind1="4" ind2=" ">
    <subfield code="y">GID503</subfield>
    <subfield code="9">1db4c939-e409-4dc3-8b90-9432d99af61f</subfield>
    <subfield code="s">639382</subfield>
    <subfield code="u">https://digicoll.lib.berkeley.edu/record/207281/files/5030.jpeg</subfield>
  </datafield>
  <datafield tag="856" ind1="4" ind2=" ">
    <subfield code="y">GID504</subfield>
    <subfield code="9">58ecaec9-2887-4b2e-93f1-e9d21d49d5b4</subfield>
    <subfield code="s">637815</subfield>
    <subfield code="u">https://digicoll.lib.berkeley.edu/record/207281/files/5040.jpeg</subfield>
  </datafield>
  <datafield tag="856" ind1="4" ind2=" ">
    <subfield code="y">GID505</subfield>
    <subfield code="9">3a038d81-543f-4eb2-a1c7-9f8bac84b26a</subfield>
    <subfield code="s">650108</subfield>
    <subfield code="u">https://digicoll.lib.berkeley.edu/record/207281/files/5050.jpeg</subfield>
  </datafield>
  <datafield tag="856" ind1="4" ind2=" ">
    <subfield code="y">GID506</subfield>
    <subfield code="9">9666c0e9-4e98-4af7-8b96-bbb5c5090cd4</subfield>
    <subfield code="s">617917</subfield>
    <subfield code="u">https://digicoll.lib.berkeley.edu/record/207281/files/5060.jpeg</subfield>
  </datafield>
  <datafield tag="856" ind1="4" ind2=" ">
    <subfield code="y">GID507</subfield>
    <subfield code="9">62d44912-3a9c-4a1a-b777-a96f48eaee84</subfield>
    <subfield code="s">642392</subfield>
    <subfield code="u">https://digicoll.lib.berkeley.edu/record/207281/files/5070.jpeg</subfield>
  </datafield>
  <datafield tag="856" ind1="4" ind2=" ">
    <subfield code="y">GID508</subfield>
    <subfield code="9">d476ecfb-6a36-453e-b400-8c3ee28f4206</subfield>
    <subfield code="s">648405</subfield>
    <subfield code="u">https://digicoll.lib.berkeley.edu/record/207281/files/5080.jpeg</subfield>
  </datafield>
  <datafield tag="856" ind1="4" ind2=" ">
    <subfield code="y">GID509</subfield>
    <subfield code="9">366a92c0-c455-41e2-be5f-3023ee3ea168</subfield>
    <subfield code="s">668309</subfield>
    <subfield code="u">https://digicoll.lib.berkeley.edu/record/207281/files/5090.jpeg</subfield>
  </datafield>
  <datafield tag="856" ind1="4" ind2=" ">
    <subfield code="y">GID510</subfield>
    <subfield code="9">cae9f299-d2f4-4b46-9c53-29b5de0ffe3a</subfield>
    <subfield code="s">653779</subfield>
    <subfield code="u">https://digicoll.lib.berkeley.edu/record/207281/files/5100.jpeg</subfield>
  </datafield>
  <datafield tag="856" ind1="4" ind2=" ">
    <subfield code="y">GID511</subfield>
    <subfield code="9">a95503ca-51a9-4bcd-adde-08dd1f517c3a</subfield>
    <subfield code="s">662828</subfield>
    <subfield code="u">https://digicoll.lib.berkeley.edu/record/207281/files/5110.jpeg</subfield>
  </datafield>
  <datafield tag="856" ind1="4" ind2=" ">
    <subfield code="y">GID512</subfield>
    <subfield code="9">5772333c-82dd-44b8-9c06-17bc6889b7b8</subfield>
    <subfield code="s">667587</subfield>
    <subfield code="u">https://digicoll.lib.berkeley.edu/record/207281/files/5120.jpeg</subfield>
  </datafield>
  <datafield tag="856" ind1="4" ind2=" ">
    <subfield code="y">GID513</subfield>
    <subfield code="9">f40ab0f9-c4a7-4c40-bfce-20e4b69a926e</subfield>
    <subfield code="s">660489</subfield>
    <subfield code="u">https://digicoll.lib.berkeley.edu/record/207281/files/5130.jpeg</subfield>
  </datafield>
  <datafield tag="856" ind1="4" ind2=" ">
    <subfield code="y">GID514</subfield>
    <subfield code="9">89fe3e44-05cb-43b2-8ddc-0df3d2d20f32</subfield>
    <subfield code="s">662601</subfield>
    <subfield code="u">https://digicoll.lib.berkeley.edu/record/207281/files/5140.jpeg</subfield>
  </datafield>
  <datafield tag="856" ind1="4" ind2=" ">
    <subfield code="y">GID515</subfield>
    <subfield code="9">497e20ff-cb05-4905-bc9e-3ba3905b9cbe</subfield>
    <subfield code="s">660513</subfield>
    <subfield code="u">https://digicoll.lib.berkeley.edu/record/207281/files/5150.jpeg</subfield>
  </datafield>
  <datafield tag="856" ind1="4" ind2=" ">
    <subfield code="y">GID516</subfield>
    <subfield code="9">1b8b4e9f-96cf-4722-a85b-c97fd82f72b4</subfield>
    <subfield code="s">626536</subfield>
    <subfield code="u">https://digicoll.lib.berkeley.edu/record/207281/files/5160.jpeg</subfield>
  </datafield>
  <datafield tag="856" ind1="4" ind2=" ">
    <subfield code="y">GID517</subfield>
    <subfield code="9">ba7ed9a3-023e-44e4-9d15-0d2ca941ec66</subfield>
    <subfield code="s">506993</subfield>
    <subfield code="u">https://digicoll.lib.berkeley.edu/record/207281/files/5170.jpeg</subfield>
  </datafield>
  <datafield tag="856" ind1="4" ind2=" ">
    <subfield code="y">GID518</subfield>
    <subfield code="9">0626dc86-2c3e-4134-8274-ed29aec05abd</subfield>
    <subfield code="s">509713</subfield>
    <subfield code="u">https://digicoll.lib.berkeley.edu/record/207281/files/5180.jpeg</subfield>
  </datafield>
  <datafield tag="856" ind1="4" ind2=" ">
    <subfield code="y">GID519</subfield>
    <subfield code="9">0568f2f5-8312-4870-847c-ab6f7415e557</subfield>
    <subfield code="s">645213</subfield>
    <subfield code="u">https://digicoll.lib.berkeley.edu/record/207281/files/5190.jpeg</subfield>
  </datafield>
  <datafield tag="856" ind1="4" ind2=" ">
    <subfield code="y">GID520</subfield>
    <subfield code="9">28b41132-b676-490c-9723-5229e7aadc51</subfield>
    <subfield code="s">633638</subfield>
    <subfield code="u">https://digicoll.lib.berkeley.edu/record/207281/files/5200.jpeg</subfield>
  </datafield>
  <datafield tag="856" ind1="4" ind2=" ">
    <subfield code="y">GID521</subfield>
    <subfield code="9">e7d0ca7b-b45b-462f-b3c8-b0563197526c</subfield>
    <subfield code="s">647497</subfield>
    <subfield code="u">https://digicoll.lib.berkeley.edu/record/207281/files/5210.jpeg</subfield>
  </datafield>
  <datafield tag="856" ind1="4" ind2=" ">
    <subfield code="y">GID522</subfield>
    <subfield code="9">00daa074-6094-45f2-84b8-093b082418b1</subfield>
    <subfield code="s">647776</subfield>
    <subfield code="u">https://digicoll.lib.berkeley.edu/record/207281/files/5220.jpeg</subfield>
  </datafield>
  <datafield tag="856" ind1="4" ind2=" ">
    <subfield code="y">GID523</subfield>
    <subfield code="9">c45d8040-cf2a-40b2-84fb-19b6bbdd51ec</subfield>
    <subfield code="s">643959</subfield>
    <subfield code="u">https://digicoll.lib.berkeley.edu/record/207281/files/5230.jpeg</subfield>
  </datafield>
  <datafield tag="856" ind1="4" ind2=" ">
    <subfield code="y">GID524</subfield>
    <subfield code="9">af379a01-0635-4dbd-91e2-71562bdc0e8e</subfield>
    <subfield code="s">625639</subfield>
    <subfield code="u">https://digicoll.lib.berkeley.edu/record/207281/files/5240.jpeg</subfield>
  </datafield>
  <datafield tag="856" ind1="4" ind2=" ">
    <subfield code="y">GID525</subfield>
    <subfield code="9">841d8b56-b88a-4123-8335-25ddc328e098</subfield>
    <subfield code="s">633935</subfield>
    <subfield code="u">https://digicoll.lib.berkeley.edu/record/207281/files/5250.jpeg</subfield>
  </datafield>
  <datafield tag="856" ind1="4" ind2=" ">
    <subfield code="y">GID526</subfield>
    <subfield code="9">f5ad1374-3639-4deb-99e0-1ad7f2f5a40a</subfield>
    <subfield code="s">628496</subfield>
    <subfield code="u">https://digicoll.lib.berkeley.edu/record/207281/files/5260.jpeg</subfield>
  </datafield>
  <datafield tag="856" ind1="4" ind2=" ">
    <subfield code="y">GID527</subfield>
    <subfield code="9">317b0af9-29d1-47ee-a9de-4c2c94847eaf</subfield>
    <subfield code="s">651827</subfield>
    <subfield code="u">https://digicoll.lib.berkeley.edu/record/207281/files/5270.jpeg</subfield>
  </datafield>
  <datafield tag="856" ind1="4" ind2=" ">
    <subfield code="y">GID528</subfield>
    <subfield code="9">45e4505c-7951-4605-ae55-ed6fb3036648</subfield>
    <subfield code="s">645265</subfield>
    <subfield code="u">https://digicoll.lib.berkeley.edu/record/207281/files/5280.jpeg</subfield>
  </datafield>
  <datafield tag="856" ind1="4" ind2=" ">
    <subfield code="y">GID529</subfield>
    <subfield code="9">61f622db-b113-4515-9fee-a59d2b95e437</subfield>
    <subfield code="s">604707</subfield>
    <subfield code="u">https://digicoll.lib.berkeley.edu/record/207281/files/5290.jpeg</subfield>
  </datafield>
  <datafield tag="856" ind1="4" ind2=" ">
    <subfield code="y">GID530</subfield>
    <subfield code="9">3b0786d0-8527-43d3-9f2a-126daa0b1f37</subfield>
    <subfield code="s">635325</subfield>
    <subfield code="u">https://digicoll.lib.berkeley.edu/record/207281/files/5300.jpeg</subfield>
  </datafield>
  <datafield tag="856" ind1="4" ind2=" ">
    <subfield code="y">GID531</subfield>
    <subfield code="9">178339cb-d1c9-434a-9f5e-1b19107df0e4</subfield>
    <subfield code="s">626733</subfield>
    <subfield code="u">https://digicoll.lib.berkeley.edu/record/207281/files/5310.jpeg</subfield>
  </datafield>
  <datafield tag="856" ind1="4" ind2=" ">
    <subfield code="y">GID532</subfield>
    <subfield code="9">000b76f3-96a3-4aff-bf47-e6d275df7069</subfield>
    <subfield code="s">636171</subfield>
    <subfield code="u">https://digicoll.lib.berkeley.edu/record/207281/files/5320.jpeg</subfield>
  </datafield>
  <datafield tag="856" ind1="4" ind2=" ">
    <subfield code="y">GID533</subfield>
    <subfield code="9">efa8d3b6-cba5-469b-8732-a80521619670</subfield>
    <subfield code="s">643585</subfield>
    <subfield code="u">https://digicoll.lib.berkeley.edu/record/207281/files/5330.jpeg</subfield>
  </datafield>
  <datafield tag="856" ind1="4" ind2=" ">
    <subfield code="y">GID534</subfield>
    <subfield code="9">1ad845d9-d832-452e-8a55-610bee9748e9</subfield>
    <subfield code="s">651782</subfield>
    <subfield code="u">https://digicoll.lib.berkeley.edu/record/207281/files/5340.jpeg</subfield>
  </datafield>
  <datafield tag="856" ind1="4" ind2=" ">
    <subfield code="y">GID535</subfield>
    <subfield code="9">1ada300d-8276-43bd-bf8a-78ab484d5d16</subfield>
    <subfield code="s">630738</subfield>
    <subfield code="u">https://digicoll.lib.berkeley.edu/record/207281/files/5350.jpeg</subfield>
  </datafield>
  <datafield tag="856" ind1="4" ind2=" ">
    <subfield code="y">GID536</subfield>
    <subfield code="9">6b8d4c81-73f1-4e7f-a19a-31eceba2b235</subfield>
    <subfield code="s">637670</subfield>
    <subfield code="u">https://digicoll.lib.berkeley.edu/record/207281/files/5360.jpeg</subfield>
  </datafield>
  <datafield tag="856" ind1="4" ind2=" ">
    <subfield code="y">GID537</subfield>
    <subfield code="9">b1a8720a-be29-4458-8d02-864a366884b5</subfield>
    <subfield code="s">500383</subfield>
    <subfield code="u">https://digicoll.lib.berkeley.edu/record/207281/files/5370.jpeg</subfield>
  </datafield>
  <datafield tag="856" ind1="4" ind2=" ">
    <subfield code="y">GID538</subfield>
    <subfield code="9">a1ab99b0-794b-44ac-8629-11b042dfb405</subfield>
    <subfield code="s">500365</subfield>
    <subfield code="u">https://digicoll.lib.berkeley.edu/record/207281/files/5380.jpeg</subfield>
  </datafield>
  <datafield tag="856" ind1="4" ind2=" ">
    <subfield code="y">GID539</subfield>
    <subfield code="9">79d7f23c-a4de-41d6-a32c-31de9a205752</subfield>
    <subfield code="s">630918</subfield>
    <subfield code="u">https://digicoll.lib.berkeley.edu/record/207281/files/5390.jpeg</subfield>
  </datafield>
  <datafield tag="856" ind1="4" ind2=" ">
    <subfield code="y">GID540</subfield>
    <subfield code="9">4db5fabf-73d7-46cb-ad71-dffc3c9acc51</subfield>
    <subfield code="s">629483</subfield>
    <subfield code="u">https://digicoll.lib.berkeley.edu/record/207281/files/5400.jpeg</subfield>
  </datafield>
  <datafield tag="856" ind1="4" ind2=" ">
    <subfield code="y">GID541</subfield>
    <subfield code="9">d3e24d22-b0b8-4ede-8c29-c23cc5394bf6</subfield>
    <subfield code="s">634627</subfield>
    <subfield code="u">https://digicoll.lib.berkeley.edu/record/207281/files/5410.jpeg</subfield>
  </datafield>
  <datafield tag="856" ind1="4" ind2=" ">
    <subfield code="y">GID542</subfield>
    <subfield code="9">8513cefc-bd88-4602-b310-1d0feeba73be</subfield>
    <subfield code="s">660947</subfield>
    <subfield code="u">https://digicoll.lib.berkeley.edu/record/207281/files/5420.jpeg</subfield>
  </datafield>
  <datafield tag="856" ind1="4" ind2=" ">
    <subfield code="y">GID543</subfield>
    <subfield code="9">7b3f0489-4931-4845-84bf-e8ec6b7ffd92</subfield>
    <subfield code="s">639370</subfield>
    <subfield code="u">https://digicoll.lib.berkeley.edu/record/207281/files/5430.jpeg</subfield>
  </datafield>
  <datafield tag="856" ind1="4" ind2=" ">
    <subfield code="y">GID544</subfield>
    <subfield code="9">42edd890-f433-48ff-9059-16a6cf0b1010</subfield>
    <subfield code="s">587379</subfield>
    <subfield code="u">https://digicoll.lib.berkeley.edu/record/207281/files/5440.jpeg</subfield>
  </datafield>
  <datafield tag="856" ind1="4" ind2=" ">
    <subfield code="y">GID545</subfield>
    <subfield code="9">a728027f-eb88-4021-8511-71e5b560cb00</subfield>
    <subfield code="s">593293</subfield>
    <subfield code="u">https://digicoll.lib.berkeley.edu/record/207281/files/5450.jpeg</subfield>
  </datafield>
  <datafield tag="856" ind1="4" ind2=" ">
    <subfield code="y">GID546</subfield>
    <subfield code="9">7e115f43-0c05-4a94-9158-dc405a5ed45d</subfield>
    <subfield code="s">638862</subfield>
    <subfield code="u">https://digicoll.lib.berkeley.edu/record/207281/files/5460.jpeg</subfield>
  </datafield>
  <datafield tag="856" ind1="4" ind2=" ">
    <subfield code="y">GID547</subfield>
    <subfield code="9">f1c48178-eb6d-4b5a-b4cf-ab53f9851ca6</subfield>
    <subfield code="s">621886</subfield>
    <subfield code="u">https://digicoll.lib.berkeley.edu/record/207281/files/5470.jpeg</subfield>
  </datafield>
  <datafield tag="856" ind1="4" ind2=" ">
    <subfield code="y">GID548</subfield>
    <subfield code="9">4b928b52-09ab-4402-8355-b07abd0afc9c</subfield>
    <subfield code="s">632024</subfield>
    <subfield code="u">https://digicoll.lib.berkeley.edu/record/207281/files/5480.jpeg</subfield>
  </datafield>
  <datafield tag="856" ind1="4" ind2=" ">
    <subfield code="y">GID549</subfield>
    <subfield code="9">2ec3b25a-6827-4ec4-8ace-63d3e3304163</subfield>
    <subfield code="s">581407</subfield>
    <subfield code="u">https://digicoll.lib.berkeley.edu/record/207281/files/5490.jpeg</subfield>
  </datafield>
  <datafield tag="856" ind1="4" ind2=" ">
    <subfield code="y">GID550</subfield>
    <subfield code="9">4c8bcd17-4a82-4528-bee8-37bb48534872</subfield>
    <subfield code="s">619272</subfield>
    <subfield code="u">https://digicoll.lib.berkeley.edu/record/207281/files/5500.jpeg</subfield>
  </datafield>
  <datafield tag="856" ind1="4" ind2=" ">
    <subfield code="y">GID551</subfield>
    <subfield code="9">45c737fc-786a-438d-9589-3f5653d237d8</subfield>
    <subfield code="s">610767</subfield>
    <subfield code="u">https://digicoll.lib.berkeley.edu/record/207281/files/5510.jpeg</subfield>
  </datafield>
  <datafield tag="856" ind1="4" ind2=" ">
    <subfield code="y">GID552</subfield>
    <subfield code="9">2753e1f7-e21f-4e80-ae2a-7e5b5a73596a</subfield>
    <subfield code="s">603618</subfield>
    <subfield code="u">https://digicoll.lib.berkeley.edu/record/207281/files/5520.jpeg</subfield>
  </datafield>
  <datafield tag="856" ind1="4" ind2=" ">
    <subfield code="y">GID553</subfield>
    <subfield code="9">8125abe0-dfe0-4f3e-8350-bfa99bf5a3c9</subfield>
    <subfield code="s">619122</subfield>
    <subfield code="u">https://digicoll.lib.berkeley.edu/record/207281/files/5530.jpeg</subfield>
  </datafield>
  <datafield tag="856" ind1="4" ind2=" ">
    <subfield code="y">GID554</subfield>
    <subfield code="9">e04f7d66-005d-44ae-9d31-e6ed625eac32</subfield>
    <subfield code="s">589739</subfield>
    <subfield code="u">https://digicoll.lib.berkeley.edu/record/207281/files/5540.jpeg</subfield>
  </datafield>
  <datafield tag="856" ind1="4" ind2=" ">
    <subfield code="y">GID555</subfield>
    <subfield code="9">ed2ed349-f0cb-4719-b275-9acf91118814</subfield>
    <subfield code="s">382684</subfield>
    <subfield code="u">https://digicoll.lib.berkeley.edu/record/207281/files/5550.jpeg</subfield>
  </datafield>
  <datafield tag="856" ind1="4" ind2=" ">
    <subfield code="y">GID556</subfield>
    <subfield code="9">1d469850-75ee-496e-a985-9221b9682115</subfield>
    <subfield code="s">415373</subfield>
    <subfield code="u">https://digicoll.lib.berkeley.edu/record/207281/files/5560.jpeg</subfield>
  </datafield>
  <datafield tag="856" ind1="4" ind2=" ">
    <subfield code="y">GID557</subfield>
    <subfield code="9">f8ac0d9b-47f6-46f0-94ab-abac7238e909</subfield>
    <subfield code="s">591782</subfield>
    <subfield code="u">https://digicoll.lib.berkeley.edu/record/207281/files/5570.jpeg</subfield>
  </datafield>
  <datafield tag="856" ind1="4" ind2=" ">
    <subfield code="y">GID558</subfield>
    <subfield code="9">3b786489-8040-4fd9-ad6c-c2e53172e2ad</subfield>
    <subfield code="s">592387</subfield>
    <subfield code="u">https://digicoll.lib.berkeley.edu/record/207281/files/5580.jpeg</subfield>
  </datafield>
  <datafield tag="856" ind1="4" ind2=" ">
    <subfield code="y">GID559</subfield>
    <subfield code="9">e0c7b045-d894-42ad-a6a7-5aa4e36909a9</subfield>
    <subfield code="s">588561</subfield>
    <subfield code="u">https://digicoll.lib.berkeley.edu/record/207281/files/5590.jpeg</subfield>
  </datafield>
  <datafield tag="856" ind1="4" ind2=" ">
    <subfield code="y">GID560</subfield>
    <subfield code="9">a6bf9e78-a715-458f-9c3d-883b82bb5f2d</subfield>
    <subfield code="s">600753</subfield>
    <subfield code="u">https://digicoll.lib.berkeley.edu/record/207281/files/5600.jpeg</subfield>
  </datafield>
  <datafield tag="856" ind1="4" ind2=" ">
    <subfield code="y">GID561</subfield>
    <subfield code="9">6c9a7ae5-a0fc-4d82-a0f8-6567f68fdff8</subfield>
    <subfield code="s">592919</subfield>
    <subfield code="u">https://digicoll.lib.berkeley.edu/record/207281/files/5610.jpeg</subfield>
  </datafield>
  <datafield tag="856" ind1="4" ind2=" ">
    <subfield code="y">GID562</subfield>
    <subfield code="9">dbf4ac7f-8eb9-497e-a97a-27060279e38a</subfield>
    <subfield code="s">600943</subfield>
    <subfield code="u">https://digicoll.lib.berkeley.edu/record/207281/files/5620.jpeg</subfield>
  </datafield>
  <datafield tag="856" ind1="4" ind2=" ">
    <subfield code="y">GID563</subfield>
    <subfield code="9">bcb4a625-5a08-4b76-adc1-1c3624dcc99c</subfield>
    <subfield code="s">614697</subfield>
    <subfield code="u">https://digicoll.lib.berkeley.edu/record/207281/files/5630.jpeg</subfield>
  </datafield>
  <datafield tag="856" ind1="4" ind2=" ">
    <subfield code="y">GID564</subfield>
    <subfield code="9">dcf7a6ed-b27b-49f3-a314-84d254938f3c</subfield>
    <subfield code="s">605064</subfield>
    <subfield code="u">https://digicoll.lib.berkeley.edu/record/207281/files/5640.jpeg</subfield>
  </datafield>
  <datafield tag="856" ind1="4" ind2=" ">
    <subfield code="y">GID565</subfield>
    <subfield code="9">533d793d-a493-44d2-80ca-8bb695c1ba02</subfield>
    <subfield code="s">601575</subfield>
    <subfield code="u">https://digicoll.lib.berkeley.edu/record/207281/files/5650.jpeg</subfield>
  </datafield>
  <datafield tag="856" ind1="4" ind2=" ">
    <subfield code="y">GID566</subfield>
    <subfield code="9">3497e0c7-5b18-49b3-9fcc-424e6166a382</subfield>
    <subfield code="s">619045</subfield>
    <subfield code="u">https://digicoll.lib.berkeley.edu/record/207281/files/5660.jpeg</subfield>
  </datafield>
  <datafield tag="856" ind1="4" ind2=" ">
    <subfield code="y">GID567</subfield>
    <subfield code="9">1945c437-75d4-4b7c-9c5e-7b70f00a65ef</subfield>
    <subfield code="s">614104</subfield>
    <subfield code="u">https://digicoll.lib.berkeley.edu/record/207281/files/5670.jpeg</subfield>
  </datafield>
  <datafield tag="856" ind1="4" ind2=" ">
    <subfield code="y">GID568</subfield>
    <subfield code="9">998cfb5b-5a3d-4aa1-be64-06be1dd2e9e2</subfield>
    <subfield code="s">610276</subfield>
    <subfield code="u">https://digicoll.lib.berkeley.edu/record/207281/files/5680.jpeg</subfield>
  </datafield>
  <datafield tag="856" ind1="4" ind2=" ">
    <subfield code="y">GID569</subfield>
    <subfield code="9">421a4d7b-a433-46c0-9229-44382e13cd7e</subfield>
    <subfield code="s">614249</subfield>
    <subfield code="u">https://digicoll.lib.berkeley.edu/record/207281/files/5690.jpeg</subfield>
  </datafield>
  <datafield tag="856" ind1="4" ind2=" ">
    <subfield code="y">GID570</subfield>
    <subfield code="9">ec199758-cc01-4b8e-a87e-63d9d27edbb9</subfield>
    <subfield code="s">629398</subfield>
    <subfield code="u">https://digicoll.lib.berkeley.edu/record/207281/files/5700.jpeg</subfield>
  </datafield>
  <datafield tag="856" ind1="4" ind2=" ">
    <subfield code="y">GID571</subfield>
    <subfield code="9">69dd89a6-9876-4379-8e47-ab3b5d8da14c</subfield>
    <subfield code="s">619599</subfield>
    <subfield code="u">https://digicoll.lib.berkeley.edu/record/207281/files/5710.jpeg</subfield>
  </datafield>
  <datafield tag="856" ind1="4" ind2=" ">
    <subfield code="y">GID573</subfield>
    <subfield code="9">82ef7ecf-e9f7-452c-a637-10cb50e56a43</subfield>
    <subfield code="s">547788</subfield>
    <subfield code="u">https://digicoll.lib.berkeley.edu/record/207281/files/5730.jpeg</subfield>
  </datafield>
  <datafield tag="856" ind1="4" ind2=" ">
    <subfield code="y">GID574</subfield>
    <subfield code="9">632ff0d4-4f1d-4907-9284-936e55c9023a</subfield>
    <subfield code="s">483619</subfield>
    <subfield code="u">https://digicoll.lib.berkeley.edu/record/207281/files/5740.jpeg</subfield>
  </datafield>
  <datafield tag="856" ind1="4" ind2=" ">
    <subfield code="y">GID575</subfield>
    <subfield code="9">bf245772-81ee-49fa-8d46-4c4a6fc6343e</subfield>
    <subfield code="s">604905</subfield>
    <subfield code="u">https://digicoll.lib.berkeley.edu/record/207281/files/5750.jpeg</subfield>
  </datafield>
  <datafield tag="856" ind1="4" ind2=" ">
    <subfield code="y">GID576</subfield>
    <subfield code="9">d3cefff5-0d37-4bbf-b1e3-d7cd7422f525</subfield>
    <subfield code="s">642366</subfield>
    <subfield code="u">https://digicoll.lib.berkeley.edu/record/207281/files/5760.jpeg</subfield>
  </datafield>
  <datafield tag="856" ind1="4" ind2=" ">
    <subfield code="y">GID577</subfield>
    <subfield code="9">70b162da-ea6f-4bca-ab1a-c719ae5265cb</subfield>
    <subfield code="s">624682</subfield>
    <subfield code="u">https://digicoll.lib.berkeley.edu/record/207281/files/5770.jpeg</subfield>
  </datafield>
  <datafield tag="856" ind1="4" ind2=" ">
    <subfield code="y">GID578</subfield>
    <subfield code="9">9bd49852-e7bd-4d40-9df2-f3568620b2cf</subfield>
    <subfield code="s">616198</subfield>
    <subfield code="u">https://digicoll.lib.berkeley.edu/record/207281/files/5780.jpeg</subfield>
  </datafield>
  <datafield tag="856" ind1="4" ind2=" ">
    <subfield code="y">GID579</subfield>
    <subfield code="9">96249bc7-e287-4fff-9c89-399b22b23fb4</subfield>
    <subfield code="s">642034</subfield>
    <subfield code="u">https://digicoll.lib.berkeley.edu/record/207281/files/5790.jpeg</subfield>
  </datafield>
  <datafield tag="856" ind1="4" ind2=" ">
    <subfield code="y">GID580</subfield>
    <subfield code="9">65513131-7a80-4df7-a67f-e8980e9f772a</subfield>
    <subfield code="s">630222</subfield>
    <subfield code="u">https://digicoll.lib.berkeley.edu/record/207281/files/5800.jpeg</subfield>
  </datafield>
  <datafield tag="856" ind1="4" ind2=" ">
    <subfield code="y">GID581</subfield>
    <subfield code="9">012c3d68-c135-437b-b45a-2e67d7bac66b</subfield>
    <subfield code="s">644083</subfield>
    <subfield code="u">https://digicoll.lib.berkeley.edu/record/207281/files/5810.jpeg</subfield>
  </datafield>
  <datafield tag="856" ind1="4" ind2=" ">
    <subfield code="y">GID582</subfield>
    <subfield code="9">41b85da6-844c-4086-ae30-c2d4373c101c</subfield>
    <subfield code="s">646402</subfield>
    <subfield code="u">https://digicoll.lib.berkeley.edu/record/207281/files/5820.jpeg</subfield>
  </datafield>
  <datafield tag="856" ind1="4" ind2=" ">
    <subfield code="y">GID583</subfield>
    <subfield code="9">fd066107-8bf9-4836-ad2a-1f417553860e</subfield>
    <subfield code="s">643833</subfield>
    <subfield code="u">https://digicoll.lib.berkeley.edu/record/207281/files/5830.jpeg</subfield>
  </datafield>
  <datafield tag="856" ind1="4" ind2=" ">
    <subfield code="y">GID584</subfield>
    <subfield code="9">432290ee-065a-4bbd-91d4-c48fc8da2ce5</subfield>
    <subfield code="s">626052</subfield>
    <subfield code="u">https://digicoll.lib.berkeley.edu/record/207281/files/5840.jpeg</subfield>
  </datafield>
  <datafield tag="856" ind1="4" ind2=" ">
    <subfield code="y">GID585</subfield>
    <subfield code="9">1ec3b030-2de0-4939-88af-475c73930688</subfield>
    <subfield code="s">614190</subfield>
    <subfield code="u">https://digicoll.lib.berkeley.edu/record/207281/files/5850.jpeg</subfield>
  </datafield>
  <datafield tag="856" ind1="4" ind2=" ">
    <subfield code="y">GID586</subfield>
    <subfield code="9">d87e92e3-bf77-4585-9b6b-2552132de7fb</subfield>
    <subfield code="s">605312</subfield>
    <subfield code="u">https://digicoll.lib.berkeley.edu/record/207281/files/5860.jpeg</subfield>
  </datafield>
  <datafield tag="856" ind1="4" ind2=" ">
    <subfield code="y">GID587</subfield>
    <subfield code="9">99dac73b-db29-453a-88c9-0b8d47bdcbf3</subfield>
    <subfield code="s">610081</subfield>
    <subfield code="u">https://digicoll.lib.berkeley.edu/record/207281/files/5870.jpeg</subfield>
  </datafield>
  <datafield tag="856" ind1="4" ind2=" ">
    <subfield code="y">GID588</subfield>
    <subfield code="9">4819ae3d-302e-459b-8146-3f53713e313b</subfield>
    <subfield code="s">633837</subfield>
    <subfield code="u">https://digicoll.lib.berkeley.edu/record/207281/files/5880.jpeg</subfield>
  </datafield>
  <datafield tag="856" ind1="4" ind2=" ">
    <subfield code="y">GID589</subfield>
    <subfield code="9">aeccdf8c-66a4-4aee-84f4-a3d6112e7bac</subfield>
    <subfield code="s">645921</subfield>
    <subfield code="u">https://digicoll.lib.berkeley.edu/record/207281/files/5890.jpeg</subfield>
  </datafield>
  <datafield tag="856" ind1="4" ind2=" ">
    <subfield code="y">GID590</subfield>
    <subfield code="9">d9333a61-b038-4a36-ad8c-3c02497e7e00</subfield>
    <subfield code="s">600601</subfield>
    <subfield code="u">https://digicoll.lib.berkeley.edu/record/207281/files/5900.jpeg</subfield>
  </datafield>
  <datafield tag="856" ind1="4" ind2=" ">
    <subfield code="y">GID591</subfield>
    <subfield code="9">fdfb21c7-f65e-46b1-b6d3-ee605a8af7a3</subfield>
    <subfield code="s">537462</subfield>
    <subfield code="u">https://digicoll.lib.berkeley.edu/record/207281/files/5910.jpeg</subfield>
  </datafield>
  <datafield tag="856" ind1="4" ind2=" ">
    <subfield code="y">GID592</subfield>
    <subfield code="9">bea1750f-f3f8-4dc4-ba7d-e5b57b535008</subfield>
    <subfield code="s">509500</subfield>
    <subfield code="u">https://digicoll.lib.berkeley.edu/record/207281/files/5920.jpeg</subfield>
  </datafield>
  <datafield tag="856" ind1="4" ind2=" ">
    <subfield code="y">GID593</subfield>
    <subfield code="9">ee54e32f-3ec5-4407-9d31-73988db984fd</subfield>
    <subfield code="s">509216</subfield>
    <subfield code="u">https://digicoll.lib.berkeley.edu/record/207281/files/5930.jpeg</subfield>
  </datafield>
  <datafield tag="856" ind1="4" ind2=" ">
    <subfield code="y">GID594</subfield>
    <subfield code="9">75bc662d-2aa6-431f-8c9f-dc4cf7e58ba6</subfield>
    <subfield code="s">637002</subfield>
    <subfield code="u">https://digicoll.lib.berkeley.edu/record/207281/files/5940.jpeg</subfield>
  </datafield>
  <datafield tag="856" ind1="4" ind2=" ">
    <subfield code="y">GID595</subfield>
    <subfield code="9">3096ecd3-1a3f-4d15-a90c-0e6f1d312460</subfield>
    <subfield code="s">642381</subfield>
    <subfield code="u">https://digicoll.lib.berkeley.edu/record/207281/files/5950.jpeg</subfield>
  </datafield>
  <datafield tag="856" ind1="4" ind2=" ">
    <subfield code="y">GID596</subfield>
    <subfield code="9">3ddae71d-f62f-4aaa-b2c6-f865285c85a2</subfield>
    <subfield code="s">625122</subfield>
    <subfield code="u">https://digicoll.lib.berkeley.edu/record/207281/files/5960.jpeg</subfield>
  </datafield>
  <datafield tag="856" ind1="4" ind2=" ">
    <subfield code="y">GID597</subfield>
    <subfield code="9">5e010eb0-5ae5-4afc-b92a-a5aa9e58affa</subfield>
    <subfield code="s">632649</subfield>
    <subfield code="u">https://digicoll.lib.berkeley.edu/record/207281/files/5970.jpeg</subfield>
  </datafield>
  <datafield tag="856" ind1="4" ind2=" ">
    <subfield code="y">GID598</subfield>
    <subfield code="9">4b9b89d2-60d5-4676-8a4b-e8de14ca2a35</subfield>
    <subfield code="s">628699</subfield>
    <subfield code="u">https://digicoll.lib.berkeley.edu/record/207281/files/5980.jpeg</subfield>
  </datafield>
  <datafield tag="856" ind1="4" ind2=" ">
    <subfield code="y">GID599</subfield>
    <subfield code="9">fa066841-30bd-4fb2-bf25-50aeb9b61994</subfield>
    <subfield code="s">646920</subfield>
    <subfield code="u">https://digicoll.lib.berkeley.edu/record/207281/files/5990.jpeg</subfield>
  </datafield>
  <datafield tag="856" ind1="4" ind2=" ">
    <subfield code="y">GID600</subfield>
    <subfield code="9">66a214cb-29a2-4505-9445-4a10fcae0829</subfield>
    <subfield code="s">683289</subfield>
    <subfield code="u">https://digicoll.lib.berkeley.edu/record/207281/files/6000.jpeg</subfield>
  </datafield>
  <datafield tag="856" ind1="4" ind2=" ">
    <subfield code="y">GID601</subfield>
    <subfield code="9">9a269960-9df1-49d3-87f3-a69e24cf3989</subfield>
    <subfield code="s">633114</subfield>
    <subfield code="u">https://digicoll.lib.berkeley.edu/record/207281/files/6010.jpeg</subfield>
  </datafield>
  <datafield tag="856" ind1="4" ind2=" ">
    <subfield code="y">GID602</subfield>
    <subfield code="9">d569ef24-2db8-4a71-a165-7b5cf98eeb89</subfield>
    <subfield code="s">591128</subfield>
    <subfield code="u">https://digicoll.lib.berkeley.edu/record/207281/files/6020.jpeg</subfield>
  </datafield>
  <datafield tag="856" ind1="4" ind2=" ">
    <subfield code="y">GID603</subfield>
    <subfield code="9">5132cb2a-052c-47c6-b045-62edf02335c9</subfield>
    <subfield code="s">622775</subfield>
    <subfield code="u">https://digicoll.lib.berkeley.edu/record/207281/files/6030.jpeg</subfield>
  </datafield>
  <datafield tag="856" ind1="4" ind2=" ">
    <subfield code="y">GID604</subfield>
    <subfield code="9">70f6089d-6f5e-4ea3-ac67-d966de4cfe11</subfield>
    <subfield code="s">645564</subfield>
    <subfield code="u">https://digicoll.lib.berkeley.edu/record/207281/files/6040.jpeg</subfield>
  </datafield>
  <datafield tag="856" ind1="4" ind2=" ">
    <subfield code="y">GID605</subfield>
    <subfield code="9">69ee7a8a-383a-41e7-ac51-c848c36cd9dc</subfield>
    <subfield code="s">653330</subfield>
    <subfield code="u">https://digicoll.lib.berkeley.edu/record/207281/files/6050.jpeg</subfield>
  </datafield>
  <datafield tag="856" ind1="4" ind2=" ">
    <subfield code="y">GID606</subfield>
    <subfield code="9">f2f3c156-131f-4deb-974a-62d5a4018342</subfield>
    <subfield code="s">632654</subfield>
    <subfield code="u">https://digicoll.lib.berkeley.edu/record/207281/files/6060.jpeg</subfield>
  </datafield>
  <datafield tag="856" ind1="4" ind2=" ">
    <subfield code="y">GID607</subfield>
    <subfield code="9">a90d211b-3ff2-48c3-9e8a-0c5da2399d20</subfield>
    <subfield code="s">641545</subfield>
    <subfield code="u">https://digicoll.lib.berkeley.edu/record/207281/files/6070.jpeg</subfield>
  </datafield>
  <datafield tag="856" ind1="4" ind2=" ">
    <subfield code="y">GID608</subfield>
    <subfield code="9">83ab555d-2dbc-4a21-ae45-f15069b6edde</subfield>
    <subfield code="s">643322</subfield>
    <subfield code="u">https://digicoll.lib.berkeley.edu/record/207281/files/6080.jpeg</subfield>
  </datafield>
  <datafield tag="856" ind1="4" ind2=" ">
    <subfield code="y">GID609</subfield>
    <subfield code="9">9f1aafaf-3296-4b43-814b-58a5b82b3896</subfield>
    <subfield code="s">607086</subfield>
    <subfield code="u">https://digicoll.lib.berkeley.edu/record/207281/files/6090.jpeg</subfield>
  </datafield>
  <datafield tag="856" ind1="4" ind2=" ">
    <subfield code="y">GID610</subfield>
    <subfield code="9">68dec7db-828e-4018-90d4-3a520658b8b6</subfield>
    <subfield code="s">580287</subfield>
    <subfield code="u">https://digicoll.lib.berkeley.edu/record/207281/files/6100.jpeg</subfield>
  </datafield>
  <datafield tag="856" ind1="4" ind2=" ">
    <subfield code="y">GID611</subfield>
    <subfield code="9">dc129415-4e45-4977-9b82-93471e0cc4bd</subfield>
    <subfield code="s">345788</subfield>
    <subfield code="u">https://digicoll.lib.berkeley.edu/record/207281/files/6110.jpeg</subfield>
  </datafield>
  <datafield tag="856" ind1="4" ind2=" ">
    <subfield code="y">GID612</subfield>
    <subfield code="9">47ee7a2d-bfb1-431b-bc3f-960b7173cdf1</subfield>
    <subfield code="s">425314</subfield>
    <subfield code="u">https://digicoll.lib.berkeley.edu/record/207281/files/6120.jpeg</subfield>
  </datafield>
  <datafield tag="856" ind1="4" ind2=" ">
    <subfield code="y">GID613</subfield>
    <subfield code="9">767ba867-b283-4d1f-8737-e69306bfc7d7</subfield>
    <subfield code="s">630060</subfield>
    <subfield code="u">https://digicoll.lib.berkeley.edu/record/207281/files/6130.jpeg</subfield>
  </datafield>
  <datafield tag="856" ind1="4" ind2=" ">
    <subfield code="y">GID614</subfield>
    <subfield code="9">75cfb5b2-4a76-4dbc-a1c8-4d5a630c2aaa</subfield>
    <subfield code="s">633676</subfield>
    <subfield code="u">https://digicoll.lib.berkeley.edu/record/207281/files/6140.jpeg</subfield>
  </datafield>
  <datafield tag="856" ind1="4" ind2=" ">
    <subfield code="y">GID615</subfield>
    <subfield code="9">5a303bdc-1df2-4c13-862f-4e657af58172</subfield>
    <subfield code="s">645197</subfield>
    <subfield code="u">https://digicoll.lib.berkeley.edu/record/207281/files/6150.jpeg</subfield>
  </datafield>
  <datafield tag="856" ind1="4" ind2=" ">
    <subfield code="y">GID616</subfield>
    <subfield code="9">67d7e0d7-3804-4b06-8498-4e212ced1927</subfield>
    <subfield code="s">633561</subfield>
    <subfield code="u">https://digicoll.lib.berkeley.edu/record/207281/files/6160.jpeg</subfield>
  </datafield>
  <datafield tag="856" ind1="4" ind2=" ">
    <subfield code="y">GID617</subfield>
    <subfield code="9">dfda3b42-a848-4702-aa67-f62de6745478</subfield>
    <subfield code="s">646942</subfield>
    <subfield code="u">https://digicoll.lib.berkeley.edu/record/207281/files/6170.jpeg</subfield>
  </datafield>
  <datafield tag="856" ind1="4" ind2=" ">
    <subfield code="y">GID618</subfield>
    <subfield code="9">62deb7c2-67de-4c80-89f8-9e243ef3afe7</subfield>
    <subfield code="s">638124</subfield>
    <subfield code="u">https://digicoll.lib.berkeley.edu/record/207281/files/6180.jpeg</subfield>
  </datafield>
  <datafield tag="856" ind1="4" ind2=" ">
    <subfield code="y">GID619</subfield>
    <subfield code="9">bf1173ea-fc47-43d1-a309-6e93b402ff86</subfield>
    <subfield code="s">611436</subfield>
    <subfield code="u">https://digicoll.lib.berkeley.edu/record/207281/files/6190.jpeg</subfield>
  </datafield>
  <datafield tag="856" ind1="4" ind2=" ">
    <subfield code="y">GID620</subfield>
    <subfield code="9">1246a9bf-a325-4bf1-8f60-c2ed11c2e990</subfield>
    <subfield code="s">629490</subfield>
    <subfield code="u">https://digicoll.lib.berkeley.edu/record/207281/files/6200.jpeg</subfield>
  </datafield>
  <datafield tag="856" ind1="4" ind2=" ">
    <subfield code="y">GID621</subfield>
    <subfield code="9">6c8caa52-2c8c-4dcd-a6de-4046ba1a05ab</subfield>
    <subfield code="s">662561</subfield>
    <subfield code="u">https://digicoll.lib.berkeley.edu/record/207281/files/6210.jpeg</subfield>
  </datafield>
  <datafield tag="856" ind1="4" ind2=" ">
    <subfield code="y">GID622</subfield>
    <subfield code="9">3d644244-84cd-4134-a886-28a541000249</subfield>
    <subfield code="s">625706</subfield>
    <subfield code="u">https://digicoll.lib.berkeley.edu/record/207281/files/6220.jpeg</subfield>
  </datafield>
  <datafield tag="856" ind1="4" ind2=" ">
    <subfield code="y">GID623</subfield>
    <subfield code="9">6e3c449b-09a3-41b9-9d0e-ef79e975bd05</subfield>
    <subfield code="s">631800</subfield>
    <subfield code="u">https://digicoll.lib.berkeley.edu/record/207281/files/6230.jpeg</subfield>
  </datafield>
  <datafield tag="856" ind1="4" ind2=" ">
    <subfield code="y">GID624</subfield>
    <subfield code="9">840a37a2-d4c7-4070-8e94-4f6b034cf118</subfield>
    <subfield code="s">614381</subfield>
    <subfield code="u">https://digicoll.lib.berkeley.edu/record/207281/files/6240.jpeg</subfield>
  </datafield>
  <datafield tag="856" ind1="4" ind2=" ">
    <subfield code="y">GID625</subfield>
    <subfield code="9">b9f0dd23-a437-4f26-befa-aa026dd1e8de</subfield>
    <subfield code="s">621882</subfield>
    <subfield code="u">https://digicoll.lib.berkeley.edu/record/207281/files/6250.jpeg</subfield>
  </datafield>
  <datafield tag="856" ind1="4" ind2=" ">
    <subfield code="y">GID626</subfield>
    <subfield code="9">f68093b6-a1ca-49c6-9753-8f47a6e3f0d1</subfield>
    <subfield code="s">629011</subfield>
    <subfield code="u">https://digicoll.lib.berkeley.edu/record/207281/files/6260.jpeg</subfield>
  </datafield>
  <datafield tag="856" ind1="4" ind2=" ">
    <subfield code="y">GID627</subfield>
    <subfield code="9">068edcdf-521c-4dbe-b02c-5cc4b9abf920</subfield>
    <subfield code="s">616497</subfield>
    <subfield code="u">https://digicoll.lib.berkeley.edu/record/207281/files/6270.jpeg</subfield>
  </datafield>
  <datafield tag="856" ind1="4" ind2=" ">
    <subfield code="y">GID628</subfield>
    <subfield code="9">0fde7fde-6620-4109-9ad6-5082843fbe0f</subfield>
    <subfield code="s">636003</subfield>
    <subfield code="u">https://digicoll.lib.berkeley.edu/record/207281/files/6280.jpeg</subfield>
  </datafield>
  <datafield tag="856" ind1="4" ind2=" ">
    <subfield code="y">GID629</subfield>
    <subfield code="9">29d2d082-04c1-4c9b-ba96-613d4187e445</subfield>
    <subfield code="s">607823</subfield>
    <subfield code="u">https://digicoll.lib.berkeley.edu/record/207281/files/6290.jpeg</subfield>
  </datafield>
  <datafield tag="856" ind1="4" ind2=" ">
    <subfield code="y">GID630</subfield>
    <subfield code="9">5c9a99d9-e9cf-4009-a939-434aaaafd5b4</subfield>
    <subfield code="s">504866</subfield>
    <subfield code="u">https://digicoll.lib.berkeley.edu/record/207281/files/6300.jpeg</subfield>
  </datafield>
  <datafield tag="856" ind1="4" ind2=" ">
    <subfield code="y">GID633</subfield>
    <subfield code="9">f95c0a03-d83d-4511-9223-759c118027d4</subfield>
    <subfield code="s">653241</subfield>
    <subfield code="u">https://digicoll.lib.berkeley.edu/record/207281/files/6330.jpeg</subfield>
  </datafield>
  <datafield tag="856" ind1="4" ind2=" ">
    <subfield code="y">GID634</subfield>
    <subfield code="9">1ed3fc78-e926-4307-b577-daa7e2781e30</subfield>
    <subfield code="s">642686</subfield>
    <subfield code="u">https://digicoll.lib.berkeley.edu/record/207281/files/6340.jpeg</subfield>
  </datafield>
  <datafield tag="856" ind1="4" ind2=" ">
    <subfield code="y">GID635</subfield>
    <subfield code="9">5cff2b07-93f3-49c3-9570-1beb6639f692</subfield>
    <subfield code="s">605654</subfield>
    <subfield code="u">https://digicoll.lib.berkeley.edu/record/207281/files/6350.jpeg</subfield>
  </datafield>
  <datafield tag="856" ind1="4" ind2=" ">
    <subfield code="y">GID636</subfield>
    <subfield code="9">368523d1-9f2c-481e-96c9-2f298c690e9b</subfield>
    <subfield code="s">644456</subfield>
    <subfield code="u">https://digicoll.lib.berkeley.edu/record/207281/files/6360.jpeg</subfield>
  </datafield>
  <datafield tag="856" ind1="4" ind2=" ">
    <subfield code="y">GID637</subfield>
    <subfield code="9">ab0d35df-d217-43e9-8887-506b5f7cd028</subfield>
    <subfield code="s">634111</subfield>
    <subfield code="u">https://digicoll.lib.berkeley.edu/record/207281/files/6370.jpeg</subfield>
  </datafield>
  <datafield tag="856" ind1="4" ind2=" ">
    <subfield code="y">GID638</subfield>
    <subfield code="9">a6a155a2-4057-4d5a-9226-14eed21c2f70</subfield>
    <subfield code="s">642070</subfield>
    <subfield code="u">https://digicoll.lib.berkeley.edu/record/207281/files/6380.jpeg</subfield>
  </datafield>
  <datafield tag="856" ind1="4" ind2=" ">
    <subfield code="y">GID639</subfield>
    <subfield code="9">c3b958a5-1565-46b1-86ac-a82401a046e3</subfield>
    <subfield code="s">621832</subfield>
    <subfield code="u">https://digicoll.lib.berkeley.edu/record/207281/files/6390.jpeg</subfield>
  </datafield>
  <datafield tag="856" ind1="4" ind2=" ">
    <subfield code="y">GID640</subfield>
    <subfield code="9">34aee3f2-dbce-4783-8ebe-13e1ccae1d44</subfield>
    <subfield code="s">653707</subfield>
    <subfield code="u">https://digicoll.lib.berkeley.edu/record/207281/files/6400.jpeg</subfield>
  </datafield>
  <datafield tag="856" ind1="4" ind2=" ">
    <subfield code="y">GID641</subfield>
    <subfield code="9">3f746594-8465-4a38-926d-0feda7a6f0ca</subfield>
    <subfield code="s">634289</subfield>
    <subfield code="u">https://digicoll.lib.berkeley.edu/record/207281/files/6410.jpeg</subfield>
  </datafield>
  <datafield tag="856" ind1="4" ind2=" ">
    <subfield code="y">GID642</subfield>
    <subfield code="9">3197304a-0538-4221-8d0b-94e139cf1260</subfield>
    <subfield code="s">648365</subfield>
    <subfield code="u">https://digicoll.lib.berkeley.edu/record/207281/files/6420.jpeg</subfield>
  </datafield>
  <datafield tag="856" ind1="4" ind2=" ">
    <subfield code="y">GID643</subfield>
    <subfield code="9">d0aa6f36-15e6-43be-a324-a6f27cb9c8c6</subfield>
    <subfield code="s">639850</subfield>
    <subfield code="u">https://digicoll.lib.berkeley.edu/record/207281/files/6430.jpeg</subfield>
  </datafield>
  <datafield tag="856" ind1="4" ind2=" ">
    <subfield code="y">GID644</subfield>
    <subfield code="9">347cab15-622a-4a1f-a856-6f7c5d8c5a7d</subfield>
    <subfield code="s">643781</subfield>
    <subfield code="u">https://digicoll.lib.berkeley.edu/record/207281/files/6440.jpeg</subfield>
  </datafield>
  <datafield tag="856" ind1="4" ind2=" ">
    <subfield code="y">GID645</subfield>
    <subfield code="9">84d38e3d-2f69-485d-bbf5-22202c7a47bb</subfield>
    <subfield code="s">645926</subfield>
    <subfield code="u">https://digicoll.lib.berkeley.edu/record/207281/files/6450.jpeg</subfield>
  </datafield>
  <datafield tag="856" ind1="4" ind2=" ">
    <subfield code="y">GID646</subfield>
    <subfield code="9">e038d7b5-0d42-432f-8eb1-2150e2735701</subfield>
    <subfield code="s">642778</subfield>
    <subfield code="u">https://digicoll.lib.berkeley.edu/record/207281/files/6460.jpeg</subfield>
  </datafield>
  <datafield tag="856" ind1="4" ind2=" ">
    <subfield code="y">GID647</subfield>
    <subfield code="9">4e72f90e-20a5-43ec-8eef-dbadcaee90e5</subfield>
    <subfield code="s">511653</subfield>
    <subfield code="u">https://digicoll.lib.berkeley.edu/record/207281/files/6470.jpeg</subfield>
  </datafield>
  <datafield tag="856" ind1="4" ind2=" ">
    <subfield code="y">GID648</subfield>
    <subfield code="9">8678becc-4567-4186-b572-d73d0b54b9f1</subfield>
    <subfield code="s">511576</subfield>
    <subfield code="u">https://digicoll.lib.berkeley.edu/record/207281/files/6480.jpeg</subfield>
  </datafield>
  <datafield tag="856" ind1="4" ind2=" ">
    <subfield code="y">GID649</subfield>
    <subfield code="9">72352283-a9f1-4067-9ea2-084b6ccb5c13</subfield>
    <subfield code="s">649332</subfield>
    <subfield code="u">https://digicoll.lib.berkeley.edu/record/207281/files/6490.jpeg</subfield>
  </datafield>
  <datafield tag="856" ind1="4" ind2=" ">
    <subfield code="y">GID650</subfield>
    <subfield code="9">f289f438-2a2c-4f30-9262-ab3b5759a8bb</subfield>
    <subfield code="s">652136</subfield>
    <subfield code="u">https://digicoll.lib.berkeley.edu/record/207281/files/6500.jpeg</subfield>
  </datafield>
  <datafield tag="856" ind1="4" ind2=" ">
    <subfield code="y">GID651</subfield>
    <subfield code="9">7499d1c8-1181-49a7-bebe-5d1aaf3330a4</subfield>
    <subfield code="s">646932</subfield>
    <subfield code="u">https://digicoll.lib.berkeley.edu/record/207281/files/6510.jpeg</subfield>
  </datafield>
  <datafield tag="856" ind1="4" ind2=" ">
    <subfield code="y">GID652</subfield>
    <subfield code="9">0bb1943f-c783-4d0b-887b-c97dd8cbc5b8</subfield>
    <subfield code="s">639077</subfield>
    <subfield code="u">https://digicoll.lib.berkeley.edu/record/207281/files/6520.jpeg</subfield>
  </datafield>
  <datafield tag="856" ind1="4" ind2=" ">
    <subfield code="y">GID653</subfield>
    <subfield code="9">fd46cf04-7ba0-4632-9bff-627c28ac0f4d</subfield>
    <subfield code="s">657692</subfield>
    <subfield code="u">https://digicoll.lib.berkeley.edu/record/207281/files/6530.jpeg</subfield>
  </datafield>
  <datafield tag="856" ind1="4" ind2=" ">
    <subfield code="y">GID654</subfield>
    <subfield code="9">78a3df9f-fa5f-4f8a-a781-a39bde091ff0</subfield>
    <subfield code="s">630007</subfield>
    <subfield code="u">https://digicoll.lib.berkeley.edu/record/207281/files/6540.jpeg</subfield>
  </datafield>
  <datafield tag="856" ind1="4" ind2=" ">
    <subfield code="y">GID655</subfield>
    <subfield code="9">9114758f-6fc7-4cb7-8453-aa4bf8315ff7</subfield>
    <subfield code="s">641611</subfield>
    <subfield code="u">https://digicoll.lib.berkeley.edu/record/207281/files/6550.jpeg</subfield>
  </datafield>
  <datafield tag="856" ind1="4" ind2=" ">
    <subfield code="y">GID656</subfield>
    <subfield code="9">e716a03d-f5ac-4a45-bb7b-0c051b5b4bed</subfield>
    <subfield code="s">640790</subfield>
    <subfield code="u">https://digicoll.lib.berkeley.edu/record/207281/files/6560.jpeg</subfield>
  </datafield>
  <datafield tag="856" ind1="4" ind2=" ">
    <subfield code="y">GID657</subfield>
    <subfield code="9">b1642def-2ab8-4a78-a006-dc7a351cd0c7</subfield>
    <subfield code="s">653682</subfield>
    <subfield code="u">https://digicoll.lib.berkeley.edu/record/207281/files/6570.jpeg</subfield>
  </datafield>
  <datafield tag="856" ind1="4" ind2=" ">
    <subfield code="y">GID658</subfield>
    <subfield code="9">216563f7-9e3a-453a-b1cd-1d5cd6619ae6</subfield>
    <subfield code="s">648680</subfield>
    <subfield code="u">https://digicoll.lib.berkeley.edu/record/207281/files/6580.jpeg</subfield>
  </datafield>
  <datafield tag="856" ind1="4" ind2=" ">
    <subfield code="y">GID659</subfield>
    <subfield code="9">a8177362-58b9-4457-b6dc-a84638072ded</subfield>
    <subfield code="s">623623</subfield>
    <subfield code="u">https://digicoll.lib.berkeley.edu/record/207281/files/6590.jpeg</subfield>
  </datafield>
  <datafield tag="856" ind1="4" ind2=" ">
    <subfield code="y">GID660</subfield>
    <subfield code="9">b352b803-ea9e-4d2d-806d-db6a623dcc61</subfield>
    <subfield code="s">618560</subfield>
    <subfield code="u">https://digicoll.lib.berkeley.edu/record/207281/files/6600.jpeg</subfield>
  </datafield>
  <datafield tag="856" ind1="4" ind2=" ">
    <subfield code="y">GID661</subfield>
    <subfield code="9">9d61651d-7828-4850-9770-e3980b1465f4</subfield>
    <subfield code="s">643284</subfield>
    <subfield code="u">https://digicoll.lib.berkeley.edu/record/207281/files/6610.jpeg</subfield>
  </datafield>
  <datafield tag="856" ind1="4" ind2=" ">
    <subfield code="y">GID662</subfield>
    <subfield code="9">d77b34dc-cf08-4439-a16e-88ecd2aafae3</subfield>
    <subfield code="s">603268</subfield>
    <subfield code="u">https://digicoll.lib.berkeley.edu/record/207281/files/6620.jpeg</subfield>
  </datafield>
  <datafield tag="856" ind1="4" ind2=" ">
    <subfield code="y">GID663</subfield>
    <subfield code="9">84302529-4f49-46a4-b0d7-daf24352985c</subfield>
    <subfield code="s">603165</subfield>
    <subfield code="u">https://digicoll.lib.berkeley.edu/record/207281/files/6630.jpeg</subfield>
  </datafield>
  <datafield tag="856" ind1="4" ind2=" ">
    <subfield code="y">GID664</subfield>
    <subfield code="9">39aa3862-caab-4bc8-b10e-c03fd0f22caa</subfield>
    <subfield code="s">549647</subfield>
    <subfield code="u">https://digicoll.lib.berkeley.edu/record/207281/files/6640.jpeg</subfield>
  </datafield>
  <datafield tag="856" ind1="4" ind2=" ">
    <subfield code="y">GID666</subfield>
    <subfield code="9">0ec55de8-d8b7-4291-bd9d-9c362d3cee3c</subfield>
    <subfield code="s">561101</subfield>
    <subfield code="u">https://digicoll.lib.berkeley.edu/record/207281/files/6660.jpeg</subfield>
  </datafield>
  <datafield tag="856" ind1="4" ind2=" ">
    <subfield code="y">GID667</subfield>
    <subfield code="9">ee680441-8177-49af-8fee-a619b276f069</subfield>
    <subfield code="s">578734</subfield>
    <subfield code="u">https://digicoll.lib.berkeley.edu/record/207281/files/6670.jpeg</subfield>
  </datafield>
  <datafield tag="856" ind1="4" ind2=" ">
    <subfield code="y">GID668</subfield>
    <subfield code="9">57469bde-c95b-45d5-a07f-37b5485873f2</subfield>
    <subfield code="s">546389</subfield>
    <subfield code="u">https://digicoll.lib.berkeley.edu/record/207281/files/6680.jpeg</subfield>
  </datafield>
  <datafield tag="856" ind1="4" ind2=" ">
    <subfield code="y">GID669</subfield>
    <subfield code="9">48fcfd8a-6e83-45e3-8ac4-d746b74b14ea</subfield>
    <subfield code="s">530913</subfield>
    <subfield code="u">https://digicoll.lib.berkeley.edu/record/207281/files/6690.jpeg</subfield>
  </datafield>
  <datafield tag="856" ind1="4" ind2=" ">
    <subfield code="y">GID671</subfield>
    <subfield code="9">22a42640-ba20-448a-9d9b-aa75c20ad9c7</subfield>
    <subfield code="s">563363</subfield>
    <subfield code="u">https://digicoll.lib.berkeley.edu/record/207281/files/6710.jpeg</subfield>
  </datafield>
  <datafield tag="856" ind1="4" ind2=" ">
    <subfield code="y">GID672</subfield>
    <subfield code="9">7d4a1551-a208-4f79-a8ec-21907570c1ea</subfield>
    <subfield code="s">573195</subfield>
    <subfield code="u">https://digicoll.lib.berkeley.edu/record/207281/files/6720.jpeg</subfield>
  </datafield>
  <datafield tag="856" ind1="4" ind2=" ">
    <subfield code="y">GID673</subfield>
    <subfield code="9">60b2b5a3-37f8-48d4-8a74-7ee85b615b39</subfield>
    <subfield code="s">572540</subfield>
    <subfield code="u">https://digicoll.lib.berkeley.edu/record/207281/files/6730.jpeg</subfield>
  </datafield>
  <datafield tag="856" ind1="4" ind2=" ">
    <subfield code="y">GID674</subfield>
    <subfield code="9">0367d09d-af7c-4eb2-abe6-4f27f540cd9f</subfield>
    <subfield code="s">567963</subfield>
    <subfield code="u">https://digicoll.lib.berkeley.edu/record/207281/files/6740.jpeg</subfield>
  </datafield>
  <datafield tag="856" ind1="4" ind2=" ">
    <subfield code="y">GID675</subfield>
    <subfield code="9">ec604304-947e-4a84-be1f-cfcc1a42ed88</subfield>
    <subfield code="s">561270</subfield>
    <subfield code="u">https://digicoll.lib.berkeley.edu/record/207281/files/6750.jpeg</subfield>
  </datafield>
  <datafield tag="856" ind1="4" ind2=" ">
    <subfield code="y">GID676</subfield>
    <subfield code="9">1e1062ec-ada8-4ac6-8670-06574e3e33a0</subfield>
    <subfield code="s">561981</subfield>
    <subfield code="u">https://digicoll.lib.berkeley.edu/record/207281/files/6760.jpeg</subfield>
  </datafield>
  <datafield tag="856" ind1="4" ind2=" ">
    <subfield code="y">GID677</subfield>
    <subfield code="9">218d9528-052f-4b6d-a1df-1f0f00fc771b</subfield>
    <subfield code="s">585035</subfield>
    <subfield code="u">https://digicoll.lib.berkeley.edu/record/207281/files/6770.jpeg</subfield>
  </datafield>
  <datafield tag="856" ind1="4" ind2=" ">
    <subfield code="y">GID678</subfield>
    <subfield code="9">63cc07d9-50df-4d52-80c5-e3310f01fe3b</subfield>
    <subfield code="s">577770</subfield>
    <subfield code="u">https://digicoll.lib.berkeley.edu/record/207281/files/6780.jpeg</subfield>
  </datafield>
  <datafield tag="856" ind1="4" ind2=" ">
    <subfield code="y">GID680</subfield>
    <subfield code="9">2fad6cde-88a8-4874-a86b-2c0edbb74401</subfield>
    <subfield code="s">566822</subfield>
    <subfield code="u">https://digicoll.lib.berkeley.edu/record/207281/files/6800.jpeg</subfield>
  </datafield>
  <datafield tag="856" ind1="4" ind2=" ">
    <subfield code="y">GID681</subfield>
    <subfield code="9">8f6c8d74-db07-4bf1-9113-ea2e2414d5a7</subfield>
    <subfield code="s">566126</subfield>
    <subfield code="u">https://digicoll.lib.berkeley.edu/record/207281/files/6810.jpeg</subfield>
  </datafield>
  <datafield tag="856" ind1="4" ind2=" ">
    <subfield code="y">GID683</subfield>
    <subfield code="9">2fa69b33-a45b-4f32-9a1b-d3f93ac950c8</subfield>
    <subfield code="s">427394</subfield>
    <subfield code="u">https://digicoll.lib.berkeley.edu/record/207281/files/6830.jpeg</subfield>
  </datafield>
  <datafield tag="856" ind1="4" ind2=" ">
    <subfield code="y">GID684</subfield>
    <subfield code="9">e3d9e1e5-4606-4bc6-9ac5-a19d5f637370</subfield>
    <subfield code="s">639312</subfield>
    <subfield code="u">https://digicoll.lib.berkeley.edu/record/207281/files/6840.jpeg</subfield>
  </datafield>
  <datafield tag="856" ind1="4" ind2=" ">
    <subfield code="y">GID685</subfield>
    <subfield code="9">a91e5fc0-904b-4b77-8841-acae4936c6cc</subfield>
    <subfield code="s">635508</subfield>
    <subfield code="u">https://digicoll.lib.berkeley.edu/record/207281/files/6850.jpeg</subfield>
  </datafield>
  <datafield tag="856" ind1="4" ind2=" ">
    <subfield code="y">GID686</subfield>
    <subfield code="9">0e31629c-59c5-47d2-bed3-b92004b3c5c2</subfield>
    <subfield code="s">660969</subfield>
    <subfield code="u">https://digicoll.lib.berkeley.edu/record/207281/files/6860.jpeg</subfield>
  </datafield>
  <datafield tag="856" ind1="4" ind2=" ">
    <subfield code="y">GID687</subfield>
    <subfield code="9">2aa2b430-852a-4fd5-8af0-119545e4faf7</subfield>
    <subfield code="s">641200</subfield>
    <subfield code="u">https://digicoll.lib.berkeley.edu/record/207281/files/6870.jpeg</subfield>
  </datafield>
  <datafield tag="856" ind1="4" ind2=" ">
    <subfield code="y">GID688</subfield>
    <subfield code="9">3dacfce5-1987-4d37-b6b9-887310701cc1</subfield>
    <subfield code="s">630576</subfield>
    <subfield code="u">https://digicoll.lib.berkeley.edu/record/207281/files/6880.jpeg</subfield>
  </datafield>
  <datafield tag="856" ind1="4" ind2=" ">
    <subfield code="y">GID689</subfield>
    <subfield code="9">b2f66e4f-b2cd-494a-b56d-a656794d4e00</subfield>
    <subfield code="s">604163</subfield>
    <subfield code="u">https://digicoll.lib.berkeley.edu/record/207281/files/6890.jpeg</subfield>
  </datafield>
  <datafield tag="856" ind1="4" ind2=" ">
    <subfield code="y">GID690</subfield>
    <subfield code="9">7d97be27-f687-4404-8de5-3c2f6d2a70b2</subfield>
    <subfield code="s">637261</subfield>
    <subfield code="u">https://digicoll.lib.berkeley.edu/record/207281/files/6900.jpeg</subfield>
  </datafield>
  <datafield tag="856" ind1="4" ind2=" ">
    <subfield code="y">GID691</subfield>
    <subfield code="9">fee2a420-78f6-4d76-bf80-a0bbfdb4afb0</subfield>
    <subfield code="s">630177</subfield>
    <subfield code="u">https://digicoll.lib.berkeley.edu/record/207281/files/6910.jpeg</subfield>
  </datafield>
  <datafield tag="856" ind1="4" ind2=" ">
    <subfield code="y">GID692</subfield>
    <subfield code="9">211b0e5e-e52f-4493-8ef3-23696007fb3b</subfield>
    <subfield code="s">658304</subfield>
    <subfield code="u">https://digicoll.lib.berkeley.edu/record/207281/files/6920.jpeg</subfield>
  </datafield>
  <datafield tag="856" ind1="4" ind2=" ">
    <subfield code="y">GID693</subfield>
    <subfield code="9">07151b25-3a2e-4b65-9df6-319e0ebc8c82</subfield>
    <subfield code="s">642108</subfield>
    <subfield code="u">https://digicoll.lib.berkeley.edu/record/207281/files/6930.jpeg</subfield>
  </datafield>
  <datafield tag="856" ind1="4" ind2=" ">
    <subfield code="y">GID694</subfield>
    <subfield code="9">aa50c497-7dbb-47b2-9ef5-544ad5bbaf43</subfield>
    <subfield code="s">665583</subfield>
    <subfield code="u">https://digicoll.lib.berkeley.edu/record/207281/files/6940.jpeg</subfield>
  </datafield>
  <datafield tag="856" ind1="4" ind2=" ">
    <subfield code="y">GID695</subfield>
    <subfield code="9">9afd742e-dc9f-4865-8675-73084519d338</subfield>
    <subfield code="s">653513</subfield>
    <subfield code="u">https://digicoll.lib.berkeley.edu/record/207281/files/6950.jpeg</subfield>
  </datafield>
  <datafield tag="856" ind1="4" ind2=" ">
    <subfield code="y">GID696</subfield>
    <subfield code="9">a577c459-1f7f-4e91-8ef5-54826f4f8ec7</subfield>
    <subfield code="s">662121</subfield>
    <subfield code="u">https://digicoll.lib.berkeley.edu/record/207281/files/6960.jpeg</subfield>
  </datafield>
  <datafield tag="856" ind1="4" ind2=" ">
    <subfield code="y">GID697</subfield>
    <subfield code="9">c9ec16c8-12af-4ef1-a8c4-1dec2a36541e</subfield>
    <subfield code="s">640556</subfield>
    <subfield code="u">https://digicoll.lib.berkeley.edu/record/207281/files/6970.jpeg</subfield>
  </datafield>
  <datafield tag="856" ind1="4" ind2=" ">
    <subfield code="y">GID698</subfield>
    <subfield code="9">1ff92979-57d1-488d-9d7e-5ce08fb972a7</subfield>
    <subfield code="s">665997</subfield>
    <subfield code="u">https://digicoll.lib.berkeley.edu/record/207281/files/6980.jpeg</subfield>
  </datafield>
  <datafield tag="856" ind1="4" ind2=" ">
    <subfield code="y">GID699</subfield>
    <subfield code="9">817296ea-a58c-4df4-9688-860d114c15bb</subfield>
    <subfield code="s">661075</subfield>
    <subfield code="u">https://digicoll.lib.berkeley.edu/record/207281/files/6990.jpeg</subfield>
  </datafield>
  <datafield tag="856" ind1="4" ind2=" ">
    <subfield code="y">GID700</subfield>
    <subfield code="9">bda96b85-1355-4e8a-ac76-ec8b9ddfd832</subfield>
    <subfield code="s">642395</subfield>
    <subfield code="u">https://digicoll.lib.berkeley.edu/record/207281/files/7000.jpeg</subfield>
  </datafield>
  <datafield tag="856" ind1="4" ind2=" ">
    <subfield code="y">GID701</subfield>
    <subfield code="9">03dfc97e-4f56-4fd2-a762-f63445e4b44a</subfield>
    <subfield code="s">539962</subfield>
    <subfield code="u">https://digicoll.lib.berkeley.edu/record/207281/files/7010.jpeg</subfield>
  </datafield>
  <datafield tag="856" ind1="4" ind2=" ">
    <subfield code="y">GID702</subfield>
    <subfield code="9">71031eac-aad0-4269-96cf-c21dfca7c93c</subfield>
    <subfield code="s">467319</subfield>
    <subfield code="u">https://digicoll.lib.berkeley.edu/record/207281/files/7020.jpeg</subfield>
  </datafield>
  <datafield tag="856" ind1="4" ind2=" ">
    <subfield code="y">GID703</subfield>
    <subfield code="9">e801ea60-1839-4396-b415-3915926d9bcf</subfield>
    <subfield code="s">649342</subfield>
    <subfield code="u">https://digicoll.lib.berkeley.edu/record/207281/files/7030.jpeg</subfield>
  </datafield>
  <datafield tag="856" ind1="4" ind2=" ">
    <subfield code="y">GID705</subfield>
    <subfield code="9">55ce2c0a-aefa-49c0-996b-0e08db8c555d</subfield>
    <subfield code="s">644145</subfield>
    <subfield code="u">https://digicoll.lib.berkeley.edu/record/207281/files/7050.jpeg</subfield>
  </datafield>
  <datafield tag="856" ind1="4" ind2=" ">
    <subfield code="y">GID706</subfield>
    <subfield code="9">a6e246ee-407d-4f89-8c8d-adf9532e5a40</subfield>
    <subfield code="s">654282</subfield>
    <subfield code="u">https://digicoll.lib.berkeley.edu/record/207281/files/7060.jpeg</subfield>
  </datafield>
  <datafield tag="856" ind1="4" ind2=" ">
    <subfield code="y">GID707</subfield>
    <subfield code="9">c49abc7f-a443-44ea-8cdf-31bc2db1042b</subfield>
    <subfield code="s">653843</subfield>
    <subfield code="u">https://digicoll.lib.berkeley.edu/record/207281/files/7070.jpeg</subfield>
  </datafield>
  <datafield tag="856" ind1="4" ind2=" ">
    <subfield code="y">GID708</subfield>
    <subfield code="9">e6184ff0-e9f4-4d07-aea1-8d5ec22d85cb</subfield>
    <subfield code="s">646025</subfield>
    <subfield code="u">https://digicoll.lib.berkeley.edu/record/207281/files/7080.jpeg</subfield>
  </datafield>
  <datafield tag="856" ind1="4" ind2=" ">
    <subfield code="y">GID709</subfield>
    <subfield code="9">f417954c-d104-4e60-881c-853ec8846f68</subfield>
    <subfield code="s">630189</subfield>
    <subfield code="u">https://digicoll.lib.berkeley.edu/record/207281/files/7090.jpeg</subfield>
  </datafield>
  <datafield tag="856" ind1="4" ind2=" ">
    <subfield code="y">GID710</subfield>
    <subfield code="9">2c855a4a-395a-474d-bc88-c2455704bbce</subfield>
    <subfield code="s">643523</subfield>
    <subfield code="u">https://digicoll.lib.berkeley.edu/record/207281/files/7100.jpeg</subfield>
  </datafield>
  <datafield tag="856" ind1="4" ind2=" ">
    <subfield code="y">GID711</subfield>
    <subfield code="9">4b57ce9c-18f5-454d-b530-ebcb0c564a92</subfield>
    <subfield code="s">639660</subfield>
    <subfield code="u">https://digicoll.lib.berkeley.edu/record/207281/files/7110.jpeg</subfield>
  </datafield>
  <datafield tag="856" ind1="4" ind2=" ">
    <subfield code="y">GID712</subfield>
    <subfield code="9">3720a20d-29ef-492b-bac6-7274fc849290</subfield>
    <subfield code="s">630915</subfield>
    <subfield code="u">https://digicoll.lib.berkeley.edu/record/207281/files/7120.jpeg</subfield>
  </datafield>
  <datafield tag="856" ind1="4" ind2=" ">
    <subfield code="y">GID713</subfield>
    <subfield code="9">e1cef86e-63a3-48d6-8c12-f60c6ce89ca1</subfield>
    <subfield code="s">658477</subfield>
    <subfield code="u">https://digicoll.lib.berkeley.edu/record/207281/files/7130.jpeg</subfield>
  </datafield>
  <datafield tag="856" ind1="4" ind2=" ">
    <subfield code="y">GID714</subfield>
    <subfield code="9">1f06e3a8-d7ba-41df-9955-4058ae5a688b</subfield>
    <subfield code="s">639476</subfield>
    <subfield code="u">https://digicoll.lib.berkeley.edu/record/207281/files/7140.jpeg</subfield>
  </datafield>
  <datafield tag="856" ind1="4" ind2=" ">
    <subfield code="y">GID715</subfield>
    <subfield code="9">6bc9cce4-d787-4973-8b55-c6f7a3ef45b4</subfield>
    <subfield code="s">655518</subfield>
    <subfield code="u">https://digicoll.lib.berkeley.edu/record/207281/files/7150.jpeg</subfield>
  </datafield>
  <datafield tag="856" ind1="4" ind2=" ">
    <subfield code="y">GID716</subfield>
    <subfield code="9">36ed0b97-19b6-46c4-89ab-a848f3a4dc11</subfield>
    <subfield code="s">636366</subfield>
    <subfield code="u">https://digicoll.lib.berkeley.edu/record/207281/files/7160.jpeg</subfield>
  </datafield>
  <datafield tag="856" ind1="4" ind2=" ">
    <subfield code="y">GID717</subfield>
    <subfield code="9">19a5b931-b7cd-48ae-828a-ba9a3e299ef8</subfield>
    <subfield code="s">635325</subfield>
    <subfield code="u">https://digicoll.lib.berkeley.edu/record/207281/files/7170.jpeg</subfield>
  </datafield>
  <datafield tag="856" ind1="4" ind2=" ">
    <subfield code="y">GID718</subfield>
    <subfield code="9">664ef70d-5c04-40f6-8f10-7a803bcb3724</subfield>
    <subfield code="s">639696</subfield>
    <subfield code="u">https://digicoll.lib.berkeley.edu/record/207281/files/7180.jpeg</subfield>
  </datafield>
  <datafield tag="856" ind1="4" ind2=" ">
    <subfield code="y">GID719</subfield>
    <subfield code="9">72041b0b-0f77-4f1f-85eb-1330f8f4f913</subfield>
    <subfield code="s">651801</subfield>
    <subfield code="u">https://digicoll.lib.berkeley.edu/record/207281/files/7190.jpeg</subfield>
  </datafield>
  <datafield tag="856" ind1="4" ind2=" ">
    <subfield code="y">GID720</subfield>
    <subfield code="9">a8eef90f-2b90-45ab-93c4-3c7a2ca7c631</subfield>
    <subfield code="s">622651</subfield>
    <subfield code="u">https://digicoll.lib.berkeley.edu/record/207281/files/7200.jpeg</subfield>
  </datafield>
  <datafield tag="856" ind1="4" ind2=" ">
    <subfield code="y">GID721</subfield>
    <subfield code="9">01f27ed7-b6f7-437b-bd6c-cebf89a7f892</subfield>
    <subfield code="s">552830</subfield>
    <subfield code="u">https://digicoll.lib.berkeley.edu/record/207281/files/7210.jpeg</subfield>
  </datafield>
  <datafield tag="856" ind1="4" ind2=" ">
    <subfield code="y">GID722</subfield>
    <subfield code="9">613f4e1d-8327-41e2-a39e-66291a6ae4dd</subfield>
    <subfield code="s">481624</subfield>
    <subfield code="u">https://digicoll.lib.berkeley.edu/record/207281/files/7220.jpeg</subfield>
  </datafield>
  <datafield tag="856" ind1="4" ind2=" ">
    <subfield code="y">GID723</subfield>
    <subfield code="9">bd60a08c-7146-4157-a9e6-464c96236cf4</subfield>
    <subfield code="s">657233</subfield>
    <subfield code="u">https://digicoll.lib.berkeley.edu/record/207281/files/7230.jpeg</subfield>
  </datafield>
  <datafield tag="856" ind1="4" ind2=" ">
    <subfield code="y">GID724</subfield>
    <subfield code="9">277317ec-a1a1-48c1-abed-8eb664e6e3b9</subfield>
    <subfield code="s">655246</subfield>
    <subfield code="u">https://digicoll.lib.berkeley.edu/record/207281/files/7240.jpeg</subfield>
  </datafield>
  <datafield tag="856" ind1="4" ind2=" ">
    <subfield code="y">GID725</subfield>
    <subfield code="9">b5cae396-0294-44a1-b97a-90ae8452fa3c</subfield>
    <subfield code="s">654394</subfield>
    <subfield code="u">https://digicoll.lib.berkeley.edu/record/207281/files/7250.jpeg</subfield>
  </datafield>
  <datafield tag="856" ind1="4" ind2=" ">
    <subfield code="y">GID726</subfield>
    <subfield code="9">8b10d75b-df28-4777-bf3c-f00cf31701db</subfield>
    <subfield code="s">653930</subfield>
    <subfield code="u">https://digicoll.lib.berkeley.edu/record/207281/files/7260.jpeg</subfield>
  </datafield>
  <datafield tag="856" ind1="4" ind2=" ">
    <subfield code="y">GID727</subfield>
    <subfield code="9">5185e06c-0f83-484e-8c26-cab1911a30ca</subfield>
    <subfield code="s">662833</subfield>
    <subfield code="u">https://digicoll.lib.berkeley.edu/record/207281/files/7270.jpeg</subfield>
  </datafield>
  <datafield tag="856" ind1="4" ind2=" ">
    <subfield code="y">GID728</subfield>
    <subfield code="9">50ad6ba9-0e35-4d5a-b63a-b919c28d2914</subfield>
    <subfield code="s">641054</subfield>
    <subfield code="u">https://digicoll.lib.berkeley.edu/record/207281/files/7280.jpeg</subfield>
  </datafield>
  <datafield tag="856" ind1="4" ind2=" ">
    <subfield code="y">GID729</subfield>
    <subfield code="9">b9d1117f-d10d-4e53-865e-65c280f12f62</subfield>
    <subfield code="s">632697</subfield>
    <subfield code="u">https://digicoll.lib.berkeley.edu/record/207281/files/7290.jpeg</subfield>
  </datafield>
  <datafield tag="856" ind1="4" ind2=" ">
    <subfield code="y">GID730</subfield>
    <subfield code="9">787cd7f6-cdc0-440a-87c0-eba4c1b4eb3a</subfield>
    <subfield code="s">643828</subfield>
    <subfield code="u">https://digicoll.lib.berkeley.edu/record/207281/files/7300.jpeg</subfield>
  </datafield>
  <datafield tag="856" ind1="4" ind2=" ">
    <subfield code="y">GID731</subfield>
    <subfield code="9">a4128c82-5708-48d1-8f61-5c1ba709aa99</subfield>
    <subfield code="s">656334</subfield>
    <subfield code="u">https://digicoll.lib.berkeley.edu/record/207281/files/7310.jpeg</subfield>
  </datafield>
  <datafield tag="856" ind1="4" ind2=" ">
    <subfield code="y">GID732</subfield>
    <subfield code="9">6a3cf79b-f034-492d-a2be-26f80c04c306</subfield>
    <subfield code="s">636621</subfield>
    <subfield code="u">https://digicoll.lib.berkeley.edu/record/207281/files/7320.jpeg</subfield>
  </datafield>
  <datafield tag="856" ind1="4" ind2=" ">
    <subfield code="y">GID733</subfield>
    <subfield code="9">5e50a3c3-0138-4d4d-afa6-7ddadad3e429</subfield>
    <subfield code="s">638469</subfield>
    <subfield code="u">https://digicoll.lib.berkeley.edu/record/207281/files/7330.jpeg</subfield>
  </datafield>
  <datafield tag="856" ind1="4" ind2=" ">
    <subfield code="y">GID734</subfield>
    <subfield code="9">7c90de89-76f8-4878-aa08-73ea385d413a</subfield>
    <subfield code="s">636468</subfield>
    <subfield code="u">https://digicoll.lib.berkeley.edu/record/207281/files/7340.jpeg</subfield>
  </datafield>
  <datafield tag="856" ind1="4" ind2=" ">
    <subfield code="y">GID735</subfield>
    <subfield code="9">20521e86-90d6-42f2-bdc5-51212ff4958f</subfield>
    <subfield code="s">651273</subfield>
    <subfield code="u">https://digicoll.lib.berkeley.edu/record/207281/files/7350.jpeg</subfield>
  </datafield>
  <datafield tag="856" ind1="4" ind2=" ">
    <subfield code="y">GID737</subfield>
    <subfield code="9">b13fc563-4824-4971-adb7-ffb9b3f5cf0c</subfield>
    <subfield code="s">625084</subfield>
    <subfield code="u">https://digicoll.lib.berkeley.edu/record/207281/files/7370.jpeg</subfield>
  </datafield>
  <datafield tag="856" ind1="4" ind2=" ">
    <subfield code="y">GID738</subfield>
    <subfield code="9">965bfd71-131e-4598-b4d8-0cdbda3b8043</subfield>
    <subfield code="s">630452</subfield>
    <subfield code="u">https://digicoll.lib.berkeley.edu/record/207281/files/7380.jpeg</subfield>
  </datafield>
  <datafield tag="856" ind1="4" ind2=" ">
    <subfield code="y">GID739</subfield>
    <subfield code="9">b5de2482-d41a-4d3f-ad51-4622923d1e1c</subfield>
    <subfield code="s">632506</subfield>
    <subfield code="u">https://digicoll.lib.berkeley.edu/record/207281/files/7390.jpeg</subfield>
  </datafield>
  <datafield tag="856" ind1="4" ind2=" ">
    <subfield code="y">GID740</subfield>
    <subfield code="9">83974ae4-432a-4a7a-a21f-7993598822cd</subfield>
    <subfield code="s">597482</subfield>
    <subfield code="u">https://digicoll.lib.berkeley.edu/record/207281/files/7400.jpeg</subfield>
  </datafield>
  <datafield tag="856" ind1="4" ind2=" ">
    <subfield code="y">GID741</subfield>
    <subfield code="9">97ffa04b-0430-4a3a-a378-90243935650c</subfield>
    <subfield code="s">335161</subfield>
    <subfield code="u">https://digicoll.lib.berkeley.edu/record/207281/files/7410.jpeg</subfield>
  </datafield>
  <datafield tag="880" ind1=" " ind2=" ">
    <subfield code="6">100-01/$1</subfield>
    <subfield code="a">,  1187-1269.</subfield>
  </datafield>
  <datafield tag="880" ind1=" " ind2=" ">
    <subfield code="6">245-02/$1</subfield>
    <subfield code="a"></subfield>
    <subfield code="b">, </subfield>
  </datafield>
  <datafield tag="880" ind1=" " ind2=" ">
    <subfield code="6">260-03/$1</subfield>
    <subfield code="a">[China</subfield>
    <subfield code="b">s.n.</subfield>
    <subfield code="c">, between 1249 and 1279]</subfield>
  </datafield>
  <datafield tag="880" ind1=" " ind2=" ">
    <subfield code="6">500-00/$1</subfield>
    <subfield code="a">""" ... ".</subfield>
  </datafield>
  <datafield tag="880" ind1=" " ind2=" ">
    <subfield code="6">500-00/$1</subfield>
    <subfield code="a">19.4 x 12.9, 1021, , , . .</subfield>
  </datafield>
  <datafield tag="880" ind1=" " ind2=" ">
    <subfield code="6">500-00/$1</subfield>
    <subfield code="a">(40-45)19.4 x 12.9, 1021, , , . """".</subfield>
  </datafield>
  <datafield tag="880" ind1=" " ind2=" ">
    <subfield code="6">590-00/$1</subfield>
    <subfield code="a">"", "", "", "".</subfield>
  </datafield>
  <datafield tag="880" ind1=" " ind2=" ">
    <subfield code="6">650-04/$1</subfield>
    <subfield code="a"> --  -- .</subfield>
  </datafield>
  <datafield tag="880" ind1=" " ind2=" ">
    <subfield code="6">700-05/$1</subfield>
    <subfield code="e">.</subfield>
    <subfield code="a"></subfield>
  </datafield>
  <datafield tag="880" ind1=" " ind2=" ">
    <subfield code="6">700-06/$1</subfield>
    <subfield code="e">.</subfield>
    <subfield code="a">,  1620-1691</subfield>
  </datafield>
  <datafield tag="880" ind1=" " ind2=" ">
    <subfield code="6">700-07/$1</subfield>
    <subfield code="e">.</subfield>
    <subfield code="a">,  1733-1818</subfield>
  </datafield>
  <datafield tag="880" ind1=" " ind2=" ">
    <subfield code="6">700-08/$1</subfield>
    <subfield code="e">.</subfield>
    <subfield code="a">,  1776-1835</subfield>
  </datafield>
  <datafield tag="880" ind1=" " ind2=" ">
    <subfield code="6">700-09/$1</subfield>
    <subfield code="e">.</subfield>
    <subfield code="a">,  1882-1963</subfield>
  </datafield>
  <datafield tag="901" ind1=" " ind2=" ">
    <subfield code="m">b11352267</subfield>
    <subfield code="o">122793034</subfield>
  </datafield>
  <datafield tag="902" ind1=" " ind2=" ">
    <subfield code="d">2021-01-26</subfield>
    <subfield code="n">YZ</subfield>
  </datafield>
  <datafield tag="903" ind1=" " ind2=" ">
    <subfield code="b">m</subfield>
  </datafield>
  <datafield tag="980" ind1=" " ind2=" ">
    <subfield code="a">Houcun ju shi ji</subfield>
  </datafield>
  <datafield tag="982" ind1=" " ind2=" ">
    <subfield code="a">Houcun ju shi ji</subfield>
    <subfield code="b">Houcun ju shi ji</subfield>
  </datafield>
</record>