
    <record>
  <controlfield tag="001">207282</controlfield>
  <controlfield tag="005">20210126174115.0</controlfield>
  <datafield tag="035" ind1=" " ind2=" ">
    <subfield code="a">(houcun)00004</subfield>
  </datafield>
  <datafield tag="041" ind1=" " ind2=" ">
    <subfield code="a">chi</subfield>
  </datafield>
  <datafield tag="245" ind1=" " ind2=" ">
    <subfield code="6">880-02</subfield>
    <subfield code="a">Houcun ju shi ji</subfield>
    <subfield code="b">wu shi juan, mu lu er juan.</subfield>
    <subfield code="p">case (tao) 4</subfield>
  </datafield>
  <datafield tag="260" ind1=" " ind2=" ">
    <subfield code="6">880-03</subfield>
    <subfield code="a">[China</subfield>
    <subfield code="b">s.n.</subfield>
    <subfield code="c">Song, between 1249 and 1279]</subfield>
  </datafield>
  <datafield tag="269" ind1=" " ind2=" ">
    <subfield code="a">1249</subfield>
  </datafield>
  <datafield tag="300" ind1=" " ind2=" ">
    <subfield code="a">14 v. in 5 cases</subfield>
    <subfield code="c">28 cm.</subfield>
  </datafield>
  <datafield tag="336" ind1=" " ind2=" ">
    <subfield code="a">Text</subfield>
  </datafield>
  <datafield tag="700" ind1="1" ind2=" ">
    <subfield code="6">880-01</subfield>
    <subfield code="a">Liu, Kezhuang,  1187-1269.</subfield>
  </datafield>
  <datafield tag="700" ind1="1" ind2=" ">
    <subfield code="6">880-05</subfield>
    <subfield code="a">Lin, Xiufa.</subfield>
  </datafield>
  <datafield tag="700" ind1="1" ind2=" ">
    <subfield code="6">880-06</subfield>
    <subfield code="a">Liang, Qingbiao,  1620-1691.</subfield>
  </datafield>
  <datafield tag="700" ind1="1" ind2=" ">
    <subfield code="6">880-07</subfield>
    <subfield code="a">Weng, Fanggang,  1733-1818.</subfield>
  </datafield>
  <datafield tag="700" ind1="1" ind2=" ">
    <subfield code="6">880-08</subfield>
    <subfield code="a">Gu, Guangqi,  1770-1839.</subfield>
  </datafield>
  <datafield tag="700" ind1="1" ind2=" ">
    <subfield code="6">880-09</subfield>
    <subfield code="a">Liu, Chenggan,  1882-1963.</subfield>
  </datafield>
  <datafield tag="852" ind1=" " ind2=" ">
    <subfield code="c">East Asian Library</subfield>
  </datafield>
  <datafield tag="856" ind1="4" ind2="1">
    <subfield code="u">http://oskicat.berkeley.edu/record=b11352267</subfield>
    <subfield code="y">View library catalog record.</subfield>
  </datafield>
  <datafield tag="856" ind1="4" ind2=" ">
    <subfield code="y">GID742</subfield>
    <subfield code="9">aa4e59e2-3a5f-4513-a693-d9a983b36621</subfield>
    <subfield code="s">915856</subfield>
    <subfield code="u">https://digicoll.lib.berkeley.edu/record/207282/files/7420.jpeg</subfield>
  </datafield>
  <datafield tag="856" ind1="4" ind2=" ">
    <subfield code="y">GID743</subfield>
    <subfield code="9">212c16f0-ee28-40b5-982f-82215f976be7</subfield>
    <subfield code="s">210961</subfield>
    <subfield code="u">https://digicoll.lib.berkeley.edu/record/207282/files/7430.jpeg</subfield>
  </datafield>
  <datafield tag="856" ind1="4" ind2=" ">
    <subfield code="y">GID744</subfield>
    <subfield code="9">97c94522-18b5-4a8d-952e-ae8655d1e610</subfield>
    <subfield code="s">412225</subfield>
    <subfield code="u">https://digicoll.lib.berkeley.edu/record/207282/files/7440.jpeg</subfield>
  </datafield>
  <datafield tag="856" ind1="4" ind2=" ">
    <subfield code="y">GID745</subfield>
    <subfield code="9">f2b69f73-4c88-487d-ac3f-1025a9d9eb36</subfield>
    <subfield code="s">623527</subfield>
    <subfield code="u">https://digicoll.lib.berkeley.edu/record/207282/files/7450.jpeg</subfield>
  </datafield>
  <datafield tag="856" ind1="4" ind2=" ">
    <subfield code="y">GID746</subfield>
    <subfield code="9">c70909c5-7d1d-43be-9405-ccb049317252</subfield>
    <subfield code="s">676979</subfield>
    <subfield code="u">https://digicoll.lib.berkeley.edu/record/207282/files/7460.jpeg</subfield>
  </datafield>
  <datafield tag="856" ind1="4" ind2=" ">
    <subfield code="y">GID747</subfield>
    <subfield code="9">de6d40a0-be8b-4afa-ac14-b8e41b691875</subfield>
    <subfield code="s">678117</subfield>
    <subfield code="u">https://digicoll.lib.berkeley.edu/record/207282/files/7470.jpeg</subfield>
  </datafield>
  <datafield tag="856" ind1="4" ind2=" ">
    <subfield code="y">GID748</subfield>
    <subfield code="9">413bbc29-b47a-4086-91c5-481e57e08f0f</subfield>
    <subfield code="s">671780</subfield>
    <subfield code="u">https://digicoll.lib.berkeley.edu/record/207282/files/7480.jpeg</subfield>
  </datafield>
  <datafield tag="856" ind1="4" ind2=" ">
    <subfield code="y">GID749</subfield>
    <subfield code="9">61179f4d-1601-469e-a9f0-1a17d5c11e43</subfield>
    <subfield code="s">671951</subfield>
    <subfield code="u">https://digicoll.lib.berkeley.edu/record/207282/files/7490.jpeg</subfield>
  </datafield>
  <datafield tag="856" ind1="4" ind2=" ">
    <subfield code="y">GID750</subfield>
    <subfield code="9">1055c68b-323b-47d9-9bb6-7d861d766878</subfield>
    <subfield code="s">621219</subfield>
    <subfield code="u">https://digicoll.lib.berkeley.edu/record/207282/files/7500.jpeg</subfield>
  </datafield>
  <datafield tag="856" ind1="4" ind2=" ">
    <subfield code="y">GID751</subfield>
    <subfield code="9">fd5cdbaa-c85c-441e-83a0-3eff1ec56750</subfield>
    <subfield code="s">575862</subfield>
    <subfield code="u">https://digicoll.lib.berkeley.edu/record/207282/files/7510.jpeg</subfield>
  </datafield>
  <datafield tag="856" ind1="4" ind2=" ">
    <subfield code="y">GID752</subfield>
    <subfield code="9">19fcb5b2-f190-44b6-9742-f394e776fa16</subfield>
    <subfield code="s">573771</subfield>
    <subfield code="u">https://digicoll.lib.berkeley.edu/record/207282/files/7520.jpeg</subfield>
  </datafield>
  <datafield tag="856" ind1="4" ind2=" ">
    <subfield code="y">GID753</subfield>
    <subfield code="9">a5d37b31-383e-4902-afe3-580910143b55</subfield>
    <subfield code="s">594357</subfield>
    <subfield code="u">https://digicoll.lib.berkeley.edu/record/207282/files/7530.jpeg</subfield>
  </datafield>
  <datafield tag="856" ind1="4" ind2=" ">
    <subfield code="y">GID754</subfield>
    <subfield code="9">ff79cf9f-8a68-43e5-8b45-70d368d46ad2</subfield>
    <subfield code="s">622861</subfield>
    <subfield code="u">https://digicoll.lib.berkeley.edu/record/207282/files/7540.jpeg</subfield>
  </datafield>
  <datafield tag="856" ind1="4" ind2=" ">
    <subfield code="y">GID755</subfield>
    <subfield code="9">e6d2b97b-f33c-42c3-89e9-d4d398629095</subfield>
    <subfield code="s">659770</subfield>
    <subfield code="u">https://digicoll.lib.berkeley.edu/record/207282/files/7550.jpeg</subfield>
  </datafield>
  <datafield tag="856" ind1="4" ind2=" ">
    <subfield code="y">GID756</subfield>
    <subfield code="9">40a54c99-e551-4f69-a6c9-d365476a2dd4</subfield>
    <subfield code="s">673412</subfield>
    <subfield code="u">https://digicoll.lib.berkeley.edu/record/207282/files/7560.jpeg</subfield>
  </datafield>
  <datafield tag="856" ind1="4" ind2=" ">
    <subfield code="y">GID757</subfield>
    <subfield code="9">bfed91c6-e96a-4d23-b8a5-123b051612b4</subfield>
    <subfield code="s">691552</subfield>
    <subfield code="u">https://digicoll.lib.berkeley.edu/record/207282/files/7570.jpeg</subfield>
  </datafield>
  <datafield tag="856" ind1="4" ind2=" ">
    <subfield code="y">GID758</subfield>
    <subfield code="9">b80ff472-bc39-48e8-9658-4c54d0b56d8f</subfield>
    <subfield code="s">682004</subfield>
    <subfield code="u">https://digicoll.lib.berkeley.edu/record/207282/files/7580.jpeg</subfield>
  </datafield>
  <datafield tag="856" ind1="4" ind2=" ">
    <subfield code="y">GID759</subfield>
    <subfield code="9">25195822-5bf1-4f6f-afcc-358cc8a3da51</subfield>
    <subfield code="s">693402</subfield>
    <subfield code="u">https://digicoll.lib.berkeley.edu/record/207282/files/7590.jpeg</subfield>
  </datafield>
  <datafield tag="856" ind1="4" ind2=" ">
    <subfield code="y">GID760</subfield>
    <subfield code="9">c9d43bc8-feb5-4d72-bb9f-98ebc4f01f33</subfield>
    <subfield code="s">692369</subfield>
    <subfield code="u">https://digicoll.lib.berkeley.edu/record/207282/files/7600.jpeg</subfield>
  </datafield>
  <datafield tag="856" ind1="4" ind2=" ">
    <subfield code="y">GID761</subfield>
    <subfield code="9">1b83c90f-feb1-4acf-8800-011ac4040091</subfield>
    <subfield code="s">699763</subfield>
    <subfield code="u">https://digicoll.lib.berkeley.edu/record/207282/files/7610.jpeg</subfield>
  </datafield>
  <datafield tag="856" ind1="4" ind2=" ">
    <subfield code="y">GID762</subfield>
    <subfield code="9">4446fe13-b31b-4766-8ef7-d52fad7f0387</subfield>
    <subfield code="s">622958</subfield>
    <subfield code="u">https://digicoll.lib.berkeley.edu/record/207282/files/7620.jpeg</subfield>
  </datafield>
  <datafield tag="856" ind1="4" ind2=" ">
    <subfield code="y">GID763</subfield>
    <subfield code="9">fc365383-174f-4f33-8124-ec2654f52502</subfield>
    <subfield code="s">536204</subfield>
    <subfield code="u">https://digicoll.lib.berkeley.edu/record/207282/files/7630.jpeg</subfield>
  </datafield>
  <datafield tag="856" ind1="4" ind2=" ">
    <subfield code="y">GID764</subfield>
    <subfield code="9">3b03851f-8042-4268-a208-580d24fbf8ce</subfield>
    <subfield code="s">539383</subfield>
    <subfield code="u">https://digicoll.lib.berkeley.edu/record/207282/files/7640.jpeg</subfield>
  </datafield>
  <datafield tag="856" ind1="4" ind2=" ">
    <subfield code="y">GID765</subfield>
    <subfield code="9">9bcb1a7c-436a-4cb1-b576-4caea72f4bc3</subfield>
    <subfield code="s">651433</subfield>
    <subfield code="u">https://digicoll.lib.berkeley.edu/record/207282/files/7650.jpeg</subfield>
  </datafield>
  <datafield tag="856" ind1="4" ind2=" ">
    <subfield code="y">GID766</subfield>
    <subfield code="9">5fc498c2-e44a-4334-b5b8-a216f4cfdb2a</subfield>
    <subfield code="s">665485</subfield>
    <subfield code="u">https://digicoll.lib.berkeley.edu/record/207282/files/7660.jpeg</subfield>
  </datafield>
  <datafield tag="856" ind1="4" ind2=" ">
    <subfield code="y">GID767</subfield>
    <subfield code="9">7a150b23-08b4-49f8-b2bd-afd8e76de3e3</subfield>
    <subfield code="s">660618</subfield>
    <subfield code="u">https://digicoll.lib.berkeley.edu/record/207282/files/7670.jpeg</subfield>
  </datafield>
  <datafield tag="856" ind1="4" ind2=" ">
    <subfield code="y">GID768</subfield>
    <subfield code="9">a7ecd371-3c4f-45ce-bb92-678e332d0166</subfield>
    <subfield code="s">652120</subfield>
    <subfield code="u">https://digicoll.lib.berkeley.edu/record/207282/files/7680.jpeg</subfield>
  </datafield>
  <datafield tag="856" ind1="4" ind2=" ">
    <subfield code="y">GID769</subfield>
    <subfield code="9">4e28f253-0afa-4668-9910-a8fba295564f</subfield>
    <subfield code="s">667287</subfield>
    <subfield code="u">https://digicoll.lib.berkeley.edu/record/207282/files/7690.jpeg</subfield>
  </datafield>
  <datafield tag="856" ind1="4" ind2=" ">
    <subfield code="y">GID770</subfield>
    <subfield code="9">495ab222-07ab-471c-a656-38d860ebafb4</subfield>
    <subfield code="s">680274</subfield>
    <subfield code="u">https://digicoll.lib.berkeley.edu/record/207282/files/7700.jpeg</subfield>
  </datafield>
  <datafield tag="856" ind1="4" ind2=" ">
    <subfield code="y">GID771</subfield>
    <subfield code="9">6b6fcc1f-6443-4272-9483-45c8b18733d1</subfield>
    <subfield code="s">662704</subfield>
    <subfield code="u">https://digicoll.lib.berkeley.edu/record/207282/files/7710.jpeg</subfield>
  </datafield>
  <datafield tag="856" ind1="4" ind2=" ">
    <subfield code="y">GID772</subfield>
    <subfield code="9">20641a76-76ae-4f65-b10f-3f54b6d05326</subfield>
    <subfield code="s">676280</subfield>
    <subfield code="u">https://digicoll.lib.berkeley.edu/record/207282/files/7720.jpeg</subfield>
  </datafield>
  <datafield tag="856" ind1="4" ind2=" ">
    <subfield code="y">GID773</subfield>
    <subfield code="9">e18ffeff-74c1-448d-bf6a-283c29d9d93d</subfield>
    <subfield code="s">659917</subfield>
    <subfield code="u">https://digicoll.lib.berkeley.edu/record/207282/files/7730.jpeg</subfield>
  </datafield>
  <datafield tag="856" ind1="4" ind2=" ">
    <subfield code="y">GID774</subfield>
    <subfield code="9">aef1d625-86d4-4368-9c24-e43107cfe975</subfield>
    <subfield code="s">679508</subfield>
    <subfield code="u">https://digicoll.lib.berkeley.edu/record/207282/files/7740.jpeg</subfield>
  </datafield>
  <datafield tag="856" ind1="4" ind2=" ">
    <subfield code="y">GID775</subfield>
    <subfield code="9">f5df891c-cef9-477b-9df1-d91b3accc6d4</subfield>
    <subfield code="s">693344</subfield>
    <subfield code="u">https://digicoll.lib.berkeley.edu/record/207282/files/7750.jpeg</subfield>
  </datafield>
  <datafield tag="856" ind1="4" ind2=" ">
    <subfield code="y">GID776</subfield>
    <subfield code="9">9898f0ca-71c4-41ef-ae61-d6889c3e2b2d</subfield>
    <subfield code="s">675867</subfield>
    <subfield code="u">https://digicoll.lib.berkeley.edu/record/207282/files/7760.jpeg</subfield>
  </datafield>
  <datafield tag="856" ind1="4" ind2=" ">
    <subfield code="y">GID777</subfield>
    <subfield code="9">c03d0250-be8b-4f6b-9b92-081b38683235</subfield>
    <subfield code="s">662075</subfield>
    <subfield code="u">https://digicoll.lib.berkeley.edu/record/207282/files/7770.jpeg</subfield>
  </datafield>
  <datafield tag="856" ind1="4" ind2=" ">
    <subfield code="y">GID778</subfield>
    <subfield code="9">62b506a9-16fa-4402-805a-609c2114646c</subfield>
    <subfield code="s">674639</subfield>
    <subfield code="u">https://digicoll.lib.berkeley.edu/record/207282/files/7780.jpeg</subfield>
  </datafield>
  <datafield tag="856" ind1="4" ind2=" ">
    <subfield code="y">GID779</subfield>
    <subfield code="9">06caac8e-07c3-4ee2-a3cd-a03cf1e71b94</subfield>
    <subfield code="s">681461</subfield>
    <subfield code="u">https://digicoll.lib.berkeley.edu/record/207282/files/7790.jpeg</subfield>
  </datafield>
  <datafield tag="856" ind1="4" ind2=" ">
    <subfield code="y">GID780</subfield>
    <subfield code="9">036703f5-8acc-4c8c-acff-30f199dfbd89</subfield>
    <subfield code="s">660917</subfield>
    <subfield code="u">https://digicoll.lib.berkeley.edu/record/207282/files/7800.jpeg</subfield>
  </datafield>
  <datafield tag="856" ind1="4" ind2=" ">
    <subfield code="y">GID781</subfield>
    <subfield code="9">c6ae7108-1771-4587-9093-5c4f50e9af7c</subfield>
    <subfield code="s">612734</subfield>
    <subfield code="u">https://digicoll.lib.berkeley.edu/record/207282/files/7810.jpeg</subfield>
  </datafield>
  <datafield tag="856" ind1="4" ind2=" ">
    <subfield code="y">GID782</subfield>
    <subfield code="9">41eb4d85-b932-409b-9fdd-103aa6758be1</subfield>
    <subfield code="s">540619</subfield>
    <subfield code="u">https://digicoll.lib.berkeley.edu/record/207282/files/7820.jpeg</subfield>
  </datafield>
  <datafield tag="856" ind1="4" ind2=" ">
    <subfield code="y">GID783</subfield>
    <subfield code="9">a59cb083-fa27-4779-abbe-3ea7099d9989</subfield>
    <subfield code="s">541370</subfield>
    <subfield code="u">https://digicoll.lib.berkeley.edu/record/207282/files/7830.jpeg</subfield>
  </datafield>
  <datafield tag="856" ind1="4" ind2=" ">
    <subfield code="y">GID784</subfield>
    <subfield code="9">655d16a9-58f8-4da6-a1f7-506923c13184</subfield>
    <subfield code="s">651601</subfield>
    <subfield code="u">https://digicoll.lib.berkeley.edu/record/207282/files/7840.jpeg</subfield>
  </datafield>
  <datafield tag="856" ind1="4" ind2=" ">
    <subfield code="y">GID785</subfield>
    <subfield code="9">674df39a-6bed-4848-8fb5-1138756aa573</subfield>
    <subfield code="s">659918</subfield>
    <subfield code="u">https://digicoll.lib.berkeley.edu/record/207282/files/7850.jpeg</subfield>
  </datafield>
  <datafield tag="856" ind1="4" ind2=" ">
    <subfield code="y">GID786</subfield>
    <subfield code="9">8a524725-304f-4a7f-9523-db0ef4c590f2</subfield>
    <subfield code="s">670655</subfield>
    <subfield code="u">https://digicoll.lib.berkeley.edu/record/207282/files/7860.jpeg</subfield>
  </datafield>
  <datafield tag="856" ind1="4" ind2=" ">
    <subfield code="y">GID787</subfield>
    <subfield code="9">52cc30c4-6873-4f6e-ac1f-8a026c2d2160</subfield>
    <subfield code="s">677502</subfield>
    <subfield code="u">https://digicoll.lib.berkeley.edu/record/207282/files/7870.jpeg</subfield>
  </datafield>
  <datafield tag="856" ind1="4" ind2=" ">
    <subfield code="y">GID788</subfield>
    <subfield code="9">a5587e9b-0d56-4f74-a688-76c2132e2ae7</subfield>
    <subfield code="s">681630</subfield>
    <subfield code="u">https://digicoll.lib.berkeley.edu/record/207282/files/7880.jpeg</subfield>
  </datafield>
  <datafield tag="856" ind1="4" ind2=" ">
    <subfield code="y">GID789</subfield>
    <subfield code="9">01e18540-50cc-4a63-8abd-b0529e690583</subfield>
    <subfield code="s">680484</subfield>
    <subfield code="u">https://digicoll.lib.berkeley.edu/record/207282/files/7890.jpeg</subfield>
  </datafield>
  <datafield tag="856" ind1="4" ind2=" ">
    <subfield code="y">GID790</subfield>
    <subfield code="9">03f3617a-4db9-4e38-b915-c5a6446c0d4c</subfield>
    <subfield code="s">672932</subfield>
    <subfield code="u">https://digicoll.lib.berkeley.edu/record/207282/files/7900.jpeg</subfield>
  </datafield>
  <datafield tag="856" ind1="4" ind2=" ">
    <subfield code="y">GID791</subfield>
    <subfield code="9">df54a509-f491-4d4a-9500-2348ddac17c4</subfield>
    <subfield code="s">670447</subfield>
    <subfield code="u">https://digicoll.lib.berkeley.edu/record/207282/files/7910.jpeg</subfield>
  </datafield>
  <datafield tag="856" ind1="4" ind2=" ">
    <subfield code="y">GID792</subfield>
    <subfield code="9">a7524122-af2f-45a7-9fa6-9b90beda4a3d</subfield>
    <subfield code="s">658987</subfield>
    <subfield code="u">https://digicoll.lib.berkeley.edu/record/207282/files/7920.jpeg</subfield>
  </datafield>
  <datafield tag="856" ind1="4" ind2=" ">
    <subfield code="y">GID793</subfield>
    <subfield code="9">e160cb28-1adc-46fd-b228-2efc121071ef</subfield>
    <subfield code="s">665749</subfield>
    <subfield code="u">https://digicoll.lib.berkeley.edu/record/207282/files/7930.jpeg</subfield>
  </datafield>
  <datafield tag="856" ind1="4" ind2=" ">
    <subfield code="y">GID794</subfield>
    <subfield code="9">b9904f70-2396-48d3-b54e-19f7ec24eac4</subfield>
    <subfield code="s">645383</subfield>
    <subfield code="u">https://digicoll.lib.berkeley.edu/record/207282/files/7940.jpeg</subfield>
  </datafield>
  <datafield tag="856" ind1="4" ind2=" ">
    <subfield code="y">GID795</subfield>
    <subfield code="9">d1ac354c-c096-4ebb-86b4-c98a9ede5ef4</subfield>
    <subfield code="s">653825</subfield>
    <subfield code="u">https://digicoll.lib.berkeley.edu/record/207282/files/7950.jpeg</subfield>
  </datafield>
  <datafield tag="856" ind1="4" ind2=" ">
    <subfield code="y">GID796</subfield>
    <subfield code="9">51ebd9c5-fa59-4bdc-89a0-3e5f904f5bc8</subfield>
    <subfield code="s">672199</subfield>
    <subfield code="u">https://digicoll.lib.berkeley.edu/record/207282/files/7960.jpeg</subfield>
  </datafield>
  <datafield tag="856" ind1="4" ind2=" ">
    <subfield code="y">GID797</subfield>
    <subfield code="9">dbd28779-6b8d-4ea2-9259-5924d8370b4a</subfield>
    <subfield code="s">680600</subfield>
    <subfield code="u">https://digicoll.lib.berkeley.edu/record/207282/files/7970.jpeg</subfield>
  </datafield>
  <datafield tag="856" ind1="4" ind2=" ">
    <subfield code="y">GID798</subfield>
    <subfield code="9">d5976d83-1088-482a-93b7-495307953f98</subfield>
    <subfield code="s">684184</subfield>
    <subfield code="u">https://digicoll.lib.berkeley.edu/record/207282/files/7980.jpeg</subfield>
  </datafield>
  <datafield tag="856" ind1="4" ind2=" ">
    <subfield code="y">GID799</subfield>
    <subfield code="9">e4a29c4d-44d6-4ef5-92c7-02db2be39430</subfield>
    <subfield code="s">574275</subfield>
    <subfield code="u">https://digicoll.lib.berkeley.edu/record/207282/files/7990.jpeg</subfield>
  </datafield>
  <datafield tag="856" ind1="4" ind2=" ">
    <subfield code="y">GID800</subfield>
    <subfield code="9">41be7b4c-aadf-4e38-b899-49319285dbe2</subfield>
    <subfield code="s">574241</subfield>
    <subfield code="u">https://digicoll.lib.berkeley.edu/record/207282/files/8000.jpeg</subfield>
  </datafield>
  <datafield tag="856" ind1="4" ind2=" ">
    <subfield code="y">GID801</subfield>
    <subfield code="9">5ccfbdc4-630f-4eae-b1bd-2223dc49038e</subfield>
    <subfield code="s">680401</subfield>
    <subfield code="u">https://digicoll.lib.berkeley.edu/record/207282/files/8010.jpeg</subfield>
  </datafield>
  <datafield tag="856" ind1="4" ind2=" ">
    <subfield code="y">GID802</subfield>
    <subfield code="9">b1e3a889-0dae-4008-9b25-8eabcb362fd7</subfield>
    <subfield code="s">685506</subfield>
    <subfield code="u">https://digicoll.lib.berkeley.edu/record/207282/files/8020.jpeg</subfield>
  </datafield>
  <datafield tag="856" ind1="4" ind2=" ">
    <subfield code="y">GID803</subfield>
    <subfield code="9">572dc76d-bb76-48c1-9d95-744094c9c401</subfield>
    <subfield code="s">671910</subfield>
    <subfield code="u">https://digicoll.lib.berkeley.edu/record/207282/files/8030.jpeg</subfield>
  </datafield>
  <datafield tag="856" ind1="4" ind2=" ">
    <subfield code="y">GID804</subfield>
    <subfield code="9">0ae88f01-786a-4fce-ab06-301e6f86de22</subfield>
    <subfield code="s">671565</subfield>
    <subfield code="u">https://digicoll.lib.berkeley.edu/record/207282/files/8040.jpeg</subfield>
  </datafield>
  <datafield tag="856" ind1="4" ind2=" ">
    <subfield code="y">GID805</subfield>
    <subfield code="9">8f7ddaf6-b68d-4d5a-a35a-3a642d7873a2</subfield>
    <subfield code="s">680771</subfield>
    <subfield code="u">https://digicoll.lib.berkeley.edu/record/207282/files/8050.jpeg</subfield>
  </datafield>
  <datafield tag="856" ind1="4" ind2=" ">
    <subfield code="y">GID806</subfield>
    <subfield code="9">2cdcce3b-773a-4d33-a6f9-e9d13c1b25b3</subfield>
    <subfield code="s">694652</subfield>
    <subfield code="u">https://digicoll.lib.berkeley.edu/record/207282/files/8060.jpeg</subfield>
  </datafield>
  <datafield tag="856" ind1="4" ind2=" ">
    <subfield code="y">GID807</subfield>
    <subfield code="9">af4c8312-9de4-4338-90f0-60c07d8d7dd8</subfield>
    <subfield code="s">670327</subfield>
    <subfield code="u">https://digicoll.lib.berkeley.edu/record/207282/files/8070.jpeg</subfield>
  </datafield>
  <datafield tag="856" ind1="4" ind2=" ">
    <subfield code="y">GID808</subfield>
    <subfield code="9">540327bd-1824-41d6-9d69-1cb9fd8760c7</subfield>
    <subfield code="s">690207</subfield>
    <subfield code="u">https://digicoll.lib.berkeley.edu/record/207282/files/8080.jpeg</subfield>
  </datafield>
  <datafield tag="856" ind1="4" ind2=" ">
    <subfield code="y">GID809</subfield>
    <subfield code="9">79a01b98-d941-427e-8518-61ff2c38f075</subfield>
    <subfield code="s">681193</subfield>
    <subfield code="u">https://digicoll.lib.berkeley.edu/record/207282/files/8090.jpeg</subfield>
  </datafield>
  <datafield tag="856" ind1="4" ind2=" ">
    <subfield code="y">GID810</subfield>
    <subfield code="9">bdd08b87-26f0-451b-a05c-808e4e9af06f</subfield>
    <subfield code="s">682258</subfield>
    <subfield code="u">https://digicoll.lib.berkeley.edu/record/207282/files/8100.jpeg</subfield>
  </datafield>
  <datafield tag="856" ind1="4" ind2=" ">
    <subfield code="y">GID811</subfield>
    <subfield code="9">67b5c09e-73f4-4c1a-b441-0d3e646e9623</subfield>
    <subfield code="s">670749</subfield>
    <subfield code="u">https://digicoll.lib.berkeley.edu/record/207282/files/8110.jpeg</subfield>
  </datafield>
  <datafield tag="856" ind1="4" ind2=" ">
    <subfield code="y">GID812</subfield>
    <subfield code="9">9ccc69e8-ff3d-4f36-b1ee-0b5e08593a97</subfield>
    <subfield code="s">663505</subfield>
    <subfield code="u">https://digicoll.lib.berkeley.edu/record/207282/files/8120.jpeg</subfield>
  </datafield>
  <datafield tag="856" ind1="4" ind2=" ">
    <subfield code="y">GID813</subfield>
    <subfield code="9">fab0f2dd-3be7-422c-837b-3da630f30d4b</subfield>
    <subfield code="s">646235</subfield>
    <subfield code="u">https://digicoll.lib.berkeley.edu/record/207282/files/8130.jpeg</subfield>
  </datafield>
  <datafield tag="856" ind1="4" ind2=" ">
    <subfield code="y">GID814</subfield>
    <subfield code="9">e45ede25-1a28-4905-b3c9-8c8c0e029ab4</subfield>
    <subfield code="s">655007</subfield>
    <subfield code="u">https://digicoll.lib.berkeley.edu/record/207282/files/8140.jpeg</subfield>
  </datafield>
  <datafield tag="856" ind1="4" ind2=" ">
    <subfield code="y">GID815</subfield>
    <subfield code="9">dbdf8fe2-70a2-4d9b-9b4e-9ae11b91556d</subfield>
    <subfield code="s">643453</subfield>
    <subfield code="u">https://digicoll.lib.berkeley.edu/record/207282/files/8150.jpeg</subfield>
  </datafield>
  <datafield tag="856" ind1="4" ind2=" ">
    <subfield code="y">GID816</subfield>
    <subfield code="9">4ff3c893-10b1-4daa-9c36-b1241c3c26f6</subfield>
    <subfield code="s">589113</subfield>
    <subfield code="u">https://digicoll.lib.berkeley.edu/record/207282/files/8160.jpeg</subfield>
  </datafield>
  <datafield tag="856" ind1="4" ind2=" ">
    <subfield code="y">GID817</subfield>
    <subfield code="9">342a4ee2-1f74-4d98-acc6-113bdddf4780</subfield>
    <subfield code="s">589857</subfield>
    <subfield code="u">https://digicoll.lib.berkeley.edu/record/207282/files/8170.jpeg</subfield>
  </datafield>
  <datafield tag="856" ind1="4" ind2=" ">
    <subfield code="y">GID818</subfield>
    <subfield code="9">a0d62bce-7eb3-4291-ade8-430d778df96f</subfield>
    <subfield code="s">660477</subfield>
    <subfield code="u">https://digicoll.lib.berkeley.edu/record/207282/files/8180.jpeg</subfield>
  </datafield>
  <datafield tag="856" ind1="4" ind2=" ">
    <subfield code="y">GID819</subfield>
    <subfield code="9">0f130a9e-b9d3-444a-ba27-b47428cee43a</subfield>
    <subfield code="s">660237</subfield>
    <subfield code="u">https://digicoll.lib.berkeley.edu/record/207282/files/8190.jpeg</subfield>
  </datafield>
  <datafield tag="856" ind1="4" ind2=" ">
    <subfield code="y">GID820</subfield>
    <subfield code="9">c1510a3c-d18d-4ef4-90d4-a11dab342a07</subfield>
    <subfield code="s">674689</subfield>
    <subfield code="u">https://digicoll.lib.berkeley.edu/record/207282/files/8200.jpeg</subfield>
  </datafield>
  <datafield tag="856" ind1="4" ind2=" ">
    <subfield code="y">GID821</subfield>
    <subfield code="9">28adb7bc-cfc5-4f0a-90e3-5b007305a565</subfield>
    <subfield code="s">683024</subfield>
    <subfield code="u">https://digicoll.lib.berkeley.edu/record/207282/files/8210.jpeg</subfield>
  </datafield>
  <datafield tag="856" ind1="4" ind2=" ">
    <subfield code="y">GID822</subfield>
    <subfield code="9">e71011e1-b50c-4348-9670-25443766dbc3</subfield>
    <subfield code="s">667315</subfield>
    <subfield code="u">https://digicoll.lib.berkeley.edu/record/207282/files/8220.jpeg</subfield>
  </datafield>
  <datafield tag="856" ind1="4" ind2=" ">
    <subfield code="y">GID823</subfield>
    <subfield code="9">9bc2b04f-c01f-47c9-a41b-7ceb7d2a048f</subfield>
    <subfield code="s">657246</subfield>
    <subfield code="u">https://digicoll.lib.berkeley.edu/record/207282/files/8230.jpeg</subfield>
  </datafield>
  <datafield tag="856" ind1="4" ind2=" ">
    <subfield code="y">GID824</subfield>
    <subfield code="9">cbbfb387-6eeb-43ac-ac1f-24c123562630</subfield>
    <subfield code="s">655509</subfield>
    <subfield code="u">https://digicoll.lib.berkeley.edu/record/207282/files/8240.jpeg</subfield>
  </datafield>
  <datafield tag="856" ind1="4" ind2=" ">
    <subfield code="y">GID825</subfield>
    <subfield code="9">69e3d18c-7fe1-4f69-8322-42403dd51ffe</subfield>
    <subfield code="s">639107</subfield>
    <subfield code="u">https://digicoll.lib.berkeley.edu/record/207282/files/8250.jpeg</subfield>
  </datafield>
  <datafield tag="856" ind1="4" ind2=" ">
    <subfield code="y">GID826</subfield>
    <subfield code="9">37200a00-34f3-4556-9017-8d783cdd255b</subfield>
    <subfield code="s">628748</subfield>
    <subfield code="u">https://digicoll.lib.berkeley.edu/record/207282/files/8260.jpeg</subfield>
  </datafield>
  <datafield tag="856" ind1="4" ind2=" ">
    <subfield code="y">GID827</subfield>
    <subfield code="9">f7e1a68a-0808-40ee-a380-fde45b97b918</subfield>
    <subfield code="s">633818</subfield>
    <subfield code="u">https://digicoll.lib.berkeley.edu/record/207282/files/8270.jpeg</subfield>
  </datafield>
  <datafield tag="856" ind1="4" ind2=" ">
    <subfield code="y">GID828</subfield>
    <subfield code="9">29b3f91b-3a2f-44e3-bef1-1883070f44c6</subfield>
    <subfield code="s">635968</subfield>
    <subfield code="u">https://digicoll.lib.berkeley.edu/record/207282/files/8280.jpeg</subfield>
  </datafield>
  <datafield tag="856" ind1="4" ind2=" ">
    <subfield code="y">GID829</subfield>
    <subfield code="9">dd439e2a-4a98-4223-af53-162070e3937a</subfield>
    <subfield code="s">625002</subfield>
    <subfield code="u">https://digicoll.lib.berkeley.edu/record/207282/files/8290.jpeg</subfield>
  </datafield>
  <datafield tag="856" ind1="4" ind2=" ">
    <subfield code="y">GID830</subfield>
    <subfield code="9">cc5f13ea-ef8a-422a-a12d-7de519f9fa62</subfield>
    <subfield code="s">641881</subfield>
    <subfield code="u">https://digicoll.lib.berkeley.edu/record/207282/files/8300.jpeg</subfield>
  </datafield>
  <datafield tag="856" ind1="4" ind2=" ">
    <subfield code="y">GID831</subfield>
    <subfield code="9">35dde8c3-6d86-4758-9634-c600fe665ae5</subfield>
    <subfield code="s">638423</subfield>
    <subfield code="u">https://digicoll.lib.berkeley.edu/record/207282/files/8310.jpeg</subfield>
  </datafield>
  <datafield tag="856" ind1="4" ind2=" ">
    <subfield code="y">GID832</subfield>
    <subfield code="9">b0d2f694-b311-4ddd-a873-82a6a30ba6e4</subfield>
    <subfield code="s">657578</subfield>
    <subfield code="u">https://digicoll.lib.berkeley.edu/record/207282/files/8320.jpeg</subfield>
  </datafield>
  <datafield tag="856" ind1="4" ind2=" ">
    <subfield code="y">GID833</subfield>
    <subfield code="9">def8337e-6cd4-43a6-aeae-7cdd8d614809</subfield>
    <subfield code="s">558489</subfield>
    <subfield code="u">https://digicoll.lib.berkeley.edu/record/207282/files/8330.jpeg</subfield>
  </datafield>
  <datafield tag="856" ind1="4" ind2=" ">
    <subfield code="y">GID834</subfield>
    <subfield code="9">e517247f-01e0-4806-ba7e-2d9c5847284b</subfield>
    <subfield code="s">555644</subfield>
    <subfield code="u">https://digicoll.lib.berkeley.edu/record/207282/files/8340.jpeg</subfield>
  </datafield>
  <datafield tag="856" ind1="4" ind2=" ">
    <subfield code="y">GID835</subfield>
    <subfield code="9">50503804-b656-4341-963e-d5776668cfbd</subfield>
    <subfield code="s">667010</subfield>
    <subfield code="u">https://digicoll.lib.berkeley.edu/record/207282/files/8350.jpeg</subfield>
  </datafield>
  <datafield tag="856" ind1="4" ind2=" ">
    <subfield code="y">GID836</subfield>
    <subfield code="9">ac90e185-c885-40f3-a2b7-be895385da67</subfield>
    <subfield code="s">679770</subfield>
    <subfield code="u">https://digicoll.lib.berkeley.edu/record/207282/files/8360.jpeg</subfield>
  </datafield>
  <datafield tag="856" ind1="4" ind2=" ">
    <subfield code="y">GID837</subfield>
    <subfield code="9">917b7c38-dd94-4817-876c-14539c980d6d</subfield>
    <subfield code="s">671767</subfield>
    <subfield code="u">https://digicoll.lib.berkeley.edu/record/207282/files/8370.jpeg</subfield>
  </datafield>
  <datafield tag="856" ind1="4" ind2=" ">
    <subfield code="y">GID838</subfield>
    <subfield code="9">4dec5c0c-c3ce-4798-9a76-156e824fbbeb</subfield>
    <subfield code="s">654935</subfield>
    <subfield code="u">https://digicoll.lib.berkeley.edu/record/207282/files/8380.jpeg</subfield>
  </datafield>
  <datafield tag="856" ind1="4" ind2=" ">
    <subfield code="y">GID839</subfield>
    <subfield code="9">22a93b5a-41f9-425a-8c78-5372446759c0</subfield>
    <subfield code="s">661117</subfield>
    <subfield code="u">https://digicoll.lib.berkeley.edu/record/207282/files/8390.jpeg</subfield>
  </datafield>
  <datafield tag="856" ind1="4" ind2=" ">
    <subfield code="y">GID840</subfield>
    <subfield code="9">c1fc0242-8281-4909-ab50-0e9b0b46361c</subfield>
    <subfield code="s">663088</subfield>
    <subfield code="u">https://digicoll.lib.berkeley.edu/record/207282/files/8400.jpeg</subfield>
  </datafield>
  <datafield tag="856" ind1="4" ind2=" ">
    <subfield code="y">GID841</subfield>
    <subfield code="9">7717cb76-97bf-4963-a99f-0ab90841d6fa</subfield>
    <subfield code="s">646560</subfield>
    <subfield code="u">https://digicoll.lib.berkeley.edu/record/207282/files/8410.jpeg</subfield>
  </datafield>
  <datafield tag="856" ind1="4" ind2=" ">
    <subfield code="y">GID842</subfield>
    <subfield code="9">61d58a31-ad4f-42ef-9973-8732453d1fcb</subfield>
    <subfield code="s">655366</subfield>
    <subfield code="u">https://digicoll.lib.berkeley.edu/record/207282/files/8420.jpeg</subfield>
  </datafield>
  <datafield tag="856" ind1="4" ind2=" ">
    <subfield code="y">GID843</subfield>
    <subfield code="9">75635012-e61a-4d04-ac77-9d9d99ab0b62</subfield>
    <subfield code="s">661391</subfield>
    <subfield code="u">https://digicoll.lib.berkeley.edu/record/207282/files/8430.jpeg</subfield>
  </datafield>
  <datafield tag="856" ind1="4" ind2=" ">
    <subfield code="y">GID844</subfield>
    <subfield code="9">2cd4b200-61fb-4c41-8837-f22304f7a8f7</subfield>
    <subfield code="s">646054</subfield>
    <subfield code="u">https://digicoll.lib.berkeley.edu/record/207282/files/8440.jpeg</subfield>
  </datafield>
  <datafield tag="856" ind1="4" ind2=" ">
    <subfield code="y">GID845</subfield>
    <subfield code="9">6595a927-98c2-4951-82a9-3a443b3bfa79</subfield>
    <subfield code="s">647298</subfield>
    <subfield code="u">https://digicoll.lib.berkeley.edu/record/207282/files/8450.jpeg</subfield>
  </datafield>
  <datafield tag="856" ind1="4" ind2=" ">
    <subfield code="y">GID846</subfield>
    <subfield code="9">0c33ed99-4f5d-4114-8ac7-104c0dc64114</subfield>
    <subfield code="s">662811</subfield>
    <subfield code="u">https://digicoll.lib.berkeley.edu/record/207282/files/8460.jpeg</subfield>
  </datafield>
  <datafield tag="856" ind1="4" ind2=" ">
    <subfield code="y">GID847</subfield>
    <subfield code="9">66666625-e30b-4e29-929a-25edf97e1170</subfield>
    <subfield code="s">654954</subfield>
    <subfield code="u">https://digicoll.lib.berkeley.edu/record/207282/files/8470.jpeg</subfield>
  </datafield>
  <datafield tag="856" ind1="4" ind2=" ">
    <subfield code="y">GID848</subfield>
    <subfield code="9">68d28236-af4f-4818-ba39-8b0989cff92f</subfield>
    <subfield code="s">650282</subfield>
    <subfield code="u">https://digicoll.lib.berkeley.edu/record/207282/files/8480.jpeg</subfield>
  </datafield>
  <datafield tag="856" ind1="4" ind2=" ">
    <subfield code="y">GID849</subfield>
    <subfield code="9">6acfd396-8a31-408c-8207-a514ab6dfacc</subfield>
    <subfield code="s">488159</subfield>
    <subfield code="u">https://digicoll.lib.berkeley.edu/record/207282/files/8490.jpeg</subfield>
  </datafield>
  <datafield tag="856" ind1="4" ind2=" ">
    <subfield code="y">GID850</subfield>
    <subfield code="9">d4c9235b-caac-4d0d-b46f-1c3aada7eedf</subfield>
    <subfield code="s">298801</subfield>
    <subfield code="u">https://digicoll.lib.berkeley.edu/record/207282/files/8500.jpeg</subfield>
  </datafield>
  <datafield tag="880" ind1=" " ind2=" ">
    <subfield code="6">100-01/$1</subfield>
    <subfield code="a">,  1187-1269.</subfield>
  </datafield>
  <datafield tag="880" ind1=" " ind2=" ">
    <subfield code="6">245-02/$1</subfield>
    <subfield code="a"></subfield>
    <subfield code="b">, </subfield>
  </datafield>
  <datafield tag="880" ind1=" " ind2=" ">
    <subfield code="6">260-03/$1</subfield>
    <subfield code="a">[China</subfield>
    <subfield code="b">s.n.</subfield>
    <subfield code="c">, between 1249 and 1279]</subfield>
  </datafield>
  <datafield tag="880" ind1=" " ind2=" ">
    <subfield code="6">500-00/$1</subfield>
    <subfield code="a">""" ... ".</subfield>
  </datafield>
  <datafield tag="880" ind1=" " ind2=" ">
    <subfield code="6">500-00/$1</subfield>
    <subfield code="a">19.4 x 12.9, 1021, , , . .</subfield>
  </datafield>
  <datafield tag="880" ind1=" " ind2=" ">
    <subfield code="6">500-00/$1</subfield>
    <subfield code="a">(40-45)19.4 x 12.9, 1021, , , . """".</subfield>
  </datafield>
  <datafield tag="880" ind1=" " ind2=" ">
    <subfield code="6">590-00/$1</subfield>
    <subfield code="a">"", "", "", "".</subfield>
  </datafield>
  <datafield tag="880" ind1=" " ind2=" ">
    <subfield code="6">650-04/$1</subfield>
    <subfield code="a"> --  -- .</subfield>
  </datafield>
  <datafield tag="880" ind1=" " ind2=" ">
    <subfield code="6">700-05/$1</subfield>
    <subfield code="e">.</subfield>
    <subfield code="a"></subfield>
  </datafield>
  <datafield tag="880" ind1=" " ind2=" ">
    <subfield code="6">700-06/$1</subfield>
    <subfield code="e">.</subfield>
    <subfield code="a">,  1620-1691</subfield>
  </datafield>
  <datafield tag="880" ind1=" " ind2=" ">
    <subfield code="6">700-07/$1</subfield>
    <subfield code="e">.</subfield>
    <subfield code="a">,  1733-1818</subfield>
  </datafield>
  <datafield tag="880" ind1=" " ind2=" ">
    <subfield code="6">700-08/$1</subfield>
    <subfield code="e">.</subfield>
    <subfield code="a">,  1776-1835</subfield>
  </datafield>
  <datafield tag="880" ind1=" " ind2=" ">
    <subfield code="6">700-09/$1</subfield>
    <subfield code="e">.</subfield>
    <subfield code="a">,  1882-1963</subfield>
  </datafield>
  <datafield tag="901" ind1=" " ind2=" ">
    <subfield code="m">b11352267</subfield>
    <subfield code="o">122793034</subfield>
  </datafield>
  <datafield tag="902" ind1=" " ind2=" ">
    <subfield code="d">2021-01-26</subfield>
    <subfield code="n">YZ</subfield>
  </datafield>
  <datafield tag="903" ind1=" " ind2=" ">
    <subfield code="b">m</subfield>
  </datafield>
  <datafield tag="980" ind1=" " ind2=" ">
    <subfield code="a">Houcun ju shi ji</subfield>
  </datafield>
  <datafield tag="982" ind1=" " ind2=" ">
    <subfield code="a">Houcun ju shi ji</subfield>
    <subfield code="b">Houcun ju shi ji</subfield>
  </datafield>
</record>