
    <record>
  <controlfield tag="001">207283</controlfield>
  <controlfield tag="005">20210126175439.0</controlfield>
  <datafield tag="035" ind1=" " ind2=" ">
    <subfield code="a">(houcun)00005</subfield>
  </datafield>
  <datafield tag="041" ind1=" " ind2=" ">
    <subfield code="a">chi</subfield>
  </datafield>
  <datafield tag="245" ind1=" " ind2=" ">
    <subfield code="6">880-02</subfield>
    <subfield code="a">Houcun ju shi ji</subfield>
    <subfield code="b">wu shi juan, mu lu er juan.</subfield>
    <subfield code="p">case (tao) 5</subfield>
  </datafield>
  <datafield tag="260" ind1=" " ind2=" ">
    <subfield code="6">880-03</subfield>
    <subfield code="a">[China</subfield>
    <subfield code="b">s.n.</subfield>
    <subfield code="c">Song, between 1249 and 1279]</subfield>
  </datafield>
  <datafield tag="269" ind1=" " ind2=" ">
    <subfield code="a">1249</subfield>
  </datafield>
  <datafield tag="300" ind1=" " ind2=" ">
    <subfield code="a">14 v. in 5 cases</subfield>
    <subfield code="c">28 cm.</subfield>
  </datafield>
  <datafield tag="336" ind1=" " ind2=" ">
    <subfield code="a">Text</subfield>
  </datafield>
  <datafield tag="700" ind1="1" ind2=" ">
    <subfield code="6">880-01</subfield>
    <subfield code="a">Liu, Kezhuang,  1187-1269.</subfield>
  </datafield>
  <datafield tag="700" ind1="1" ind2=" ">
    <subfield code="6">880-05</subfield>
    <subfield code="a">Lin, Xiufa.</subfield>
  </datafield>
  <datafield tag="700" ind1="1" ind2=" ">
    <subfield code="6">880-06</subfield>
    <subfield code="a">Liang, Qingbiao,  1620-1691.</subfield>
  </datafield>
  <datafield tag="700" ind1="1" ind2=" ">
    <subfield code="6">880-07</subfield>
    <subfield code="a">Weng, Fanggang,  1733-1818.</subfield>
  </datafield>
  <datafield tag="700" ind1="1" ind2=" ">
    <subfield code="6">880-08</subfield>
    <subfield code="a">Gu, Guangqi,  1770-1839.</subfield>
  </datafield>
  <datafield tag="700" ind1="1" ind2=" ">
    <subfield code="6">880-09</subfield>
    <subfield code="a">Liu, Chenggan,  1882-1963.</subfield>
  </datafield>
  <datafield tag="852" ind1=" " ind2=" ">
    <subfield code="c">East Asian Library</subfield>
  </datafield>
  <datafield tag="856" ind1="4" ind2="1">
    <subfield code="u">http://oskicat.berkeley.edu/record=b11352267</subfield>
    <subfield code="y">View library catalog record.</subfield>
  </datafield>
  <datafield tag="856" ind1="4" ind2=" ">
    <subfield code="y">GID851</subfield>
    <subfield code="9">4349b318-205d-4803-94fe-eca97a5d7324</subfield>
    <subfield code="s">759786</subfield>
    <subfield code="u">https://digicoll.lib.berkeley.edu/record/207283/files/8510.jpeg</subfield>
  </datafield>
  <datafield tag="856" ind1="4" ind2=" ">
    <subfield code="y">GID852</subfield>
    <subfield code="9">54725860-c96d-404f-9199-64708eac3dbc</subfield>
    <subfield code="s">165707</subfield>
    <subfield code="u">https://digicoll.lib.berkeley.edu/record/207283/files/8520.jpeg</subfield>
  </datafield>
  <datafield tag="856" ind1="4" ind2=" ">
    <subfield code="y">GID853</subfield>
    <subfield code="9">a52708b9-0ea6-4656-aeab-f59f15c9d862</subfield>
    <subfield code="s">265781</subfield>
    <subfield code="u">https://digicoll.lib.berkeley.edu/record/207283/files/8530.jpeg</subfield>
  </datafield>
  <datafield tag="856" ind1="4" ind2=" ">
    <subfield code="y">GID854</subfield>
    <subfield code="9">c223980c-36cb-4380-b309-e1873f49994d</subfield>
    <subfield code="s">347435</subfield>
    <subfield code="u">https://digicoll.lib.berkeley.edu/record/207283/files/8540.jpeg</subfield>
  </datafield>
  <datafield tag="856" ind1="4" ind2=" ">
    <subfield code="y">GID855</subfield>
    <subfield code="9">2bfb8e74-8602-4fd2-82da-b0177a82b843</subfield>
    <subfield code="s">352568</subfield>
    <subfield code="u">https://digicoll.lib.berkeley.edu/record/207283/files/8550.jpeg</subfield>
  </datafield>
  <datafield tag="856" ind1="4" ind2=" ">
    <subfield code="y">GID856</subfield>
    <subfield code="9">6f895034-f8f3-4b54-8b7a-d460b5a03202</subfield>
    <subfield code="s">353607</subfield>
    <subfield code="u">https://digicoll.lib.berkeley.edu/record/207283/files/8560.jpeg</subfield>
  </datafield>
  <datafield tag="856" ind1="4" ind2=" ">
    <subfield code="y">GID857</subfield>
    <subfield code="9">b23f4d96-b070-451d-9b75-2bb038632d55</subfield>
    <subfield code="s">339872</subfield>
    <subfield code="u">https://digicoll.lib.berkeley.edu/record/207283/files/8570.jpeg</subfield>
  </datafield>
  <datafield tag="856" ind1="4" ind2=" ">
    <subfield code="y">GID858</subfield>
    <subfield code="9">28504e27-6897-441d-beb6-867ce2f5ce0e</subfield>
    <subfield code="s">369131</subfield>
    <subfield code="u">https://digicoll.lib.berkeley.edu/record/207283/files/8580.jpeg</subfield>
  </datafield>
  <datafield tag="856" ind1="4" ind2=" ">
    <subfield code="y">GID859</subfield>
    <subfield code="9">33e79545-36a5-4908-846b-a7b5d869ecda</subfield>
    <subfield code="s">356821</subfield>
    <subfield code="u">https://digicoll.lib.berkeley.edu/record/207283/files/8590.jpeg</subfield>
  </datafield>
  <datafield tag="856" ind1="4" ind2=" ">
    <subfield code="y">GID860</subfield>
    <subfield code="9">304880d7-ed4b-47de-9f66-52fdeb4d7de0</subfield>
    <subfield code="s">357764</subfield>
    <subfield code="u">https://digicoll.lib.berkeley.edu/record/207283/files/8600.jpeg</subfield>
  </datafield>
  <datafield tag="856" ind1="4" ind2=" ">
    <subfield code="y">GID861</subfield>
    <subfield code="9">5c39a216-8b31-4257-bd38-e94602215d7b</subfield>
    <subfield code="s">347510</subfield>
    <subfield code="u">https://digicoll.lib.berkeley.edu/record/207283/files/8610.jpeg</subfield>
  </datafield>
  <datafield tag="856" ind1="4" ind2=" ">
    <subfield code="y">GID862</subfield>
    <subfield code="9">269aca2a-a700-4290-a4b4-e62f5d3efae2</subfield>
    <subfield code="s">350502</subfield>
    <subfield code="u">https://digicoll.lib.berkeley.edu/record/207283/files/8620.jpeg</subfield>
  </datafield>
  <datafield tag="856" ind1="4" ind2=" ">
    <subfield code="y">GID863</subfield>
    <subfield code="9">af82eea8-7428-4dcf-9c95-3cb6d36209d4</subfield>
    <subfield code="s">340525</subfield>
    <subfield code="u">https://digicoll.lib.berkeley.edu/record/207283/files/8630.jpeg</subfield>
  </datafield>
  <datafield tag="856" ind1="4" ind2=" ">
    <subfield code="y">GID864</subfield>
    <subfield code="9">da332c9b-0b7e-47cd-9c9c-5881b01168d3</subfield>
    <subfield code="s">352878</subfield>
    <subfield code="u">https://digicoll.lib.berkeley.edu/record/207283/files/8640.jpeg</subfield>
  </datafield>
  <datafield tag="856" ind1="4" ind2=" ">
    <subfield code="y">GID865</subfield>
    <subfield code="9">885bdb93-5b03-4817-82c0-dece3d53f5ac</subfield>
    <subfield code="s">340715</subfield>
    <subfield code="u">https://digicoll.lib.berkeley.edu/record/207283/files/8650.jpeg</subfield>
  </datafield>
  <datafield tag="856" ind1="4" ind2=" ">
    <subfield code="y">GID866</subfield>
    <subfield code="9">03c6c085-6e98-4453-be9f-5191a37801f1</subfield>
    <subfield code="s">348013</subfield>
    <subfield code="u">https://digicoll.lib.berkeley.edu/record/207283/files/8660.jpeg</subfield>
  </datafield>
  <datafield tag="856" ind1="4" ind2=" ">
    <subfield code="y">GID867</subfield>
    <subfield code="9">b19730a1-936b-4bca-96e2-cecb97c3a24b</subfield>
    <subfield code="s">345243</subfield>
    <subfield code="u">https://digicoll.lib.berkeley.edu/record/207283/files/8670.jpeg</subfield>
  </datafield>
  <datafield tag="856" ind1="4" ind2=" ">
    <subfield code="y">GID868</subfield>
    <subfield code="9">1397a796-6625-41e8-8bd5-6dc7762d82b0</subfield>
    <subfield code="s">348332</subfield>
    <subfield code="u">https://digicoll.lib.berkeley.edu/record/207283/files/8680.jpeg</subfield>
  </datafield>
  <datafield tag="856" ind1="4" ind2=" ">
    <subfield code="y">GID869</subfield>
    <subfield code="9">d6aca06b-43d3-48a0-8df2-8ea2003f8a00</subfield>
    <subfield code="s">300567</subfield>
    <subfield code="u">https://digicoll.lib.berkeley.edu/record/207283/files/8690.jpeg</subfield>
  </datafield>
  <datafield tag="856" ind1="4" ind2=" ">
    <subfield code="y">GID870</subfield>
    <subfield code="9">109ed4e7-5255-41f6-ba7c-b68373f2ad0b</subfield>
    <subfield code="s">300900</subfield>
    <subfield code="u">https://digicoll.lib.berkeley.edu/record/207283/files/8700.jpeg</subfield>
  </datafield>
  <datafield tag="856" ind1="4" ind2=" ">
    <subfield code="y">GID871</subfield>
    <subfield code="9">b7ab1282-8aca-4572-bf71-943e8f2e565d</subfield>
    <subfield code="s">320083</subfield>
    <subfield code="u">https://digicoll.lib.berkeley.edu/record/207283/files/8710.jpeg</subfield>
  </datafield>
  <datafield tag="856" ind1="4" ind2=" ">
    <subfield code="y">GID872</subfield>
    <subfield code="9">52eb91fe-3789-471d-bdbe-e48d4b39bf95</subfield>
    <subfield code="s">329673</subfield>
    <subfield code="u">https://digicoll.lib.berkeley.edu/record/207283/files/8720.jpeg</subfield>
  </datafield>
  <datafield tag="856" ind1="4" ind2=" ">
    <subfield code="y">GID873</subfield>
    <subfield code="9">0aeac078-3d00-4ada-a318-57b22689f271</subfield>
    <subfield code="s">319141</subfield>
    <subfield code="u">https://digicoll.lib.berkeley.edu/record/207283/files/8730.jpeg</subfield>
  </datafield>
  <datafield tag="856" ind1="4" ind2=" ">
    <subfield code="y">GID874</subfield>
    <subfield code="9">7ee65377-598e-4401-9988-c90ee97024df</subfield>
    <subfield code="s">317734</subfield>
    <subfield code="u">https://digicoll.lib.berkeley.edu/record/207283/files/8740.jpeg</subfield>
  </datafield>
  <datafield tag="856" ind1="4" ind2=" ">
    <subfield code="y">GID875</subfield>
    <subfield code="9">967a4690-0db5-4e55-b33f-6c00f73dcd3d</subfield>
    <subfield code="s">314351</subfield>
    <subfield code="u">https://digicoll.lib.berkeley.edu/record/207283/files/8750.jpeg</subfield>
  </datafield>
  <datafield tag="856" ind1="4" ind2=" ">
    <subfield code="y">GID876</subfield>
    <subfield code="9">fe969ff3-fb9e-467d-aed3-9f3eb3027f35</subfield>
    <subfield code="s">313332</subfield>
    <subfield code="u">https://digicoll.lib.berkeley.edu/record/207283/files/8760.jpeg</subfield>
  </datafield>
  <datafield tag="856" ind1="4" ind2=" ">
    <subfield code="y">GID877</subfield>
    <subfield code="9">a0fafc8a-ab8b-44fd-9c8a-2c5877db688a</subfield>
    <subfield code="s">310537</subfield>
    <subfield code="u">https://digicoll.lib.berkeley.edu/record/207283/files/8770.jpeg</subfield>
  </datafield>
  <datafield tag="856" ind1="4" ind2=" ">
    <subfield code="y">GID878</subfield>
    <subfield code="9">eddd3c6b-ef78-4475-a0a0-f1fff79314c1</subfield>
    <subfield code="s">323441</subfield>
    <subfield code="u">https://digicoll.lib.berkeley.edu/record/207283/files/8780.jpeg</subfield>
  </datafield>
  <datafield tag="856" ind1="4" ind2=" ">
    <subfield code="y">GID879</subfield>
    <subfield code="9">d4c7cbf6-bc1f-47ef-ad6f-1905ea3d484b</subfield>
    <subfield code="s">312323</subfield>
    <subfield code="u">https://digicoll.lib.berkeley.edu/record/207283/files/8790.jpeg</subfield>
  </datafield>
  <datafield tag="856" ind1="4" ind2=" ">
    <subfield code="y">GID880</subfield>
    <subfield code="9">216a39e1-e424-494e-ba97-f5734900195b</subfield>
    <subfield code="s">307067</subfield>
    <subfield code="u">https://digicoll.lib.berkeley.edu/record/207283/files/8800.jpeg</subfield>
  </datafield>
  <datafield tag="856" ind1="4" ind2=" ">
    <subfield code="y">GID881</subfield>
    <subfield code="9">4520e5ed-c755-43e6-abdc-bd552a332398</subfield>
    <subfield code="s">316789</subfield>
    <subfield code="u">https://digicoll.lib.berkeley.edu/record/207283/files/8810.jpeg</subfield>
  </datafield>
  <datafield tag="856" ind1="4" ind2=" ">
    <subfield code="y">GID882</subfield>
    <subfield code="9">aaf14616-3371-4a72-9094-d4f6bf93c514</subfield>
    <subfield code="s">314165</subfield>
    <subfield code="u">https://digicoll.lib.berkeley.edu/record/207283/files/8820.jpeg</subfield>
  </datafield>
  <datafield tag="856" ind1="4" ind2=" ">
    <subfield code="y">GID883</subfield>
    <subfield code="9">158d4424-8b36-47ae-bad3-33a1839eee0e</subfield>
    <subfield code="s">313372</subfield>
    <subfield code="u">https://digicoll.lib.berkeley.edu/record/207283/files/8830.jpeg</subfield>
  </datafield>
  <datafield tag="856" ind1="4" ind2=" ">
    <subfield code="y">GID884</subfield>
    <subfield code="9">f5dbae66-5ece-4a37-8f9b-39be645682da</subfield>
    <subfield code="s">279143</subfield>
    <subfield code="u">https://digicoll.lib.berkeley.edu/record/207283/files/8840.jpeg</subfield>
  </datafield>
  <datafield tag="856" ind1="4" ind2=" ">
    <subfield code="y">GID885</subfield>
    <subfield code="9">d45057a6-e928-49e9-9539-5241010980bc</subfield>
    <subfield code="s">279288</subfield>
    <subfield code="u">https://digicoll.lib.berkeley.edu/record/207283/files/8850.jpeg</subfield>
  </datafield>
  <datafield tag="856" ind1="4" ind2=" ">
    <subfield code="y">GID886</subfield>
    <subfield code="9">7deae5e0-8aaa-4b11-b93c-037e06d484e7</subfield>
    <subfield code="s">343655</subfield>
    <subfield code="u">https://digicoll.lib.berkeley.edu/record/207283/files/8860.jpeg</subfield>
  </datafield>
  <datafield tag="856" ind1="4" ind2=" ">
    <subfield code="y">GID887</subfield>
    <subfield code="9">d0c7477e-0cea-44c1-86b7-7fa03d5b4217</subfield>
    <subfield code="s">360199</subfield>
    <subfield code="u">https://digicoll.lib.berkeley.edu/record/207283/files/8870.jpeg</subfield>
  </datafield>
  <datafield tag="856" ind1="4" ind2=" ">
    <subfield code="y">GID888</subfield>
    <subfield code="9">d8802f0c-1cad-4bfc-8198-b1c5016d4f40</subfield>
    <subfield code="s">340721</subfield>
    <subfield code="u">https://digicoll.lib.berkeley.edu/record/207283/files/8880.jpeg</subfield>
  </datafield>
  <datafield tag="856" ind1="4" ind2=" ">
    <subfield code="y">GID889</subfield>
    <subfield code="9">9aea9204-bee6-401e-9b99-852d513b6b04</subfield>
    <subfield code="s">349390</subfield>
    <subfield code="u">https://digicoll.lib.berkeley.edu/record/207283/files/8890.jpeg</subfield>
  </datafield>
  <datafield tag="856" ind1="4" ind2=" ">
    <subfield code="y">GID890</subfield>
    <subfield code="9">1ebbadc0-dfac-4f5c-989c-0dc18c983ca8</subfield>
    <subfield code="s">344107</subfield>
    <subfield code="u">https://digicoll.lib.berkeley.edu/record/207283/files/8900.jpeg</subfield>
  </datafield>
  <datafield tag="856" ind1="4" ind2=" ">
    <subfield code="y">GID891</subfield>
    <subfield code="9">9b97f2ec-e76f-4c8d-bdd4-2c563462d0fe</subfield>
    <subfield code="s">348863</subfield>
    <subfield code="u">https://digicoll.lib.berkeley.edu/record/207283/files/8910.jpeg</subfield>
  </datafield>
  <datafield tag="856" ind1="4" ind2=" ">
    <subfield code="y">GID892</subfield>
    <subfield code="9">be63a69b-233a-4cd8-8caf-1c5b99dbdb02</subfield>
    <subfield code="s">349844</subfield>
    <subfield code="u">https://digicoll.lib.berkeley.edu/record/207283/files/8920.jpeg</subfield>
  </datafield>
  <datafield tag="856" ind1="4" ind2=" ">
    <subfield code="y">GID893</subfield>
    <subfield code="9">3af54b65-45e1-4554-a50c-88bfcfd45bd0</subfield>
    <subfield code="s">358831</subfield>
    <subfield code="u">https://digicoll.lib.berkeley.edu/record/207283/files/8930.jpeg</subfield>
  </datafield>
  <datafield tag="856" ind1="4" ind2=" ">
    <subfield code="y">GID894</subfield>
    <subfield code="9">3b1b27f7-a8a3-4f2e-8135-7697706e6657</subfield>
    <subfield code="s">355816</subfield>
    <subfield code="u">https://digicoll.lib.berkeley.edu/record/207283/files/8940.jpeg</subfield>
  </datafield>
  <datafield tag="856" ind1="4" ind2=" ">
    <subfield code="y">GID895</subfield>
    <subfield code="9">c4c02b01-27a0-4a81-9457-1278dc026f39</subfield>
    <subfield code="s">346120</subfield>
    <subfield code="u">https://digicoll.lib.berkeley.edu/record/207283/files/8950.jpeg</subfield>
  </datafield>
  <datafield tag="856" ind1="4" ind2=" ">
    <subfield code="y">GID896</subfield>
    <subfield code="9">bb823b3b-0147-4289-98ad-67c69ac84c89</subfield>
    <subfield code="s">350258</subfield>
    <subfield code="u">https://digicoll.lib.berkeley.edu/record/207283/files/8960.jpeg</subfield>
  </datafield>
  <datafield tag="856" ind1="4" ind2=" ">
    <subfield code="y">GID897</subfield>
    <subfield code="9">62dfb12f-b22a-4b17-b9cd-ee7da0598a76</subfield>
    <subfield code="s">356829</subfield>
    <subfield code="u">https://digicoll.lib.berkeley.edu/record/207283/files/8970.jpeg</subfield>
  </datafield>
  <datafield tag="856" ind1="4" ind2=" ">
    <subfield code="y">GID898</subfield>
    <subfield code="9">821e10cf-f845-4726-9d49-935146e95074</subfield>
    <subfield code="s">282188</subfield>
    <subfield code="u">https://digicoll.lib.berkeley.edu/record/207283/files/8980.jpeg</subfield>
  </datafield>
  <datafield tag="856" ind1="4" ind2=" ">
    <subfield code="y">GID899</subfield>
    <subfield code="9">e13192f0-30da-47a6-82e0-a4f68713aa28</subfield>
    <subfield code="s">258982</subfield>
    <subfield code="u">https://digicoll.lib.berkeley.edu/record/207283/files/8990.jpeg</subfield>
  </datafield>
  <datafield tag="856" ind1="4" ind2=" ">
    <subfield code="y">GID900</subfield>
    <subfield code="9">e0a9bdbb-0cae-4723-8161-1ea1980faedd</subfield>
    <subfield code="s">363910</subfield>
    <subfield code="u">https://digicoll.lib.berkeley.edu/record/207283/files/9000.jpeg</subfield>
  </datafield>
  <datafield tag="856" ind1="4" ind2=" ">
    <subfield code="y">GID901</subfield>
    <subfield code="9">71d6f4ed-0b38-4105-ac57-42c5321190fb</subfield>
    <subfield code="s">362313</subfield>
    <subfield code="u">https://digicoll.lib.berkeley.edu/record/207283/files/9010.jpeg</subfield>
  </datafield>
  <datafield tag="856" ind1="4" ind2=" ">
    <subfield code="y">GID902</subfield>
    <subfield code="9">c2419e4e-f43c-40e1-8559-86315b2ba8c1</subfield>
    <subfield code="s">357817</subfield>
    <subfield code="u">https://digicoll.lib.berkeley.edu/record/207283/files/9020.jpeg</subfield>
  </datafield>
  <datafield tag="856" ind1="4" ind2=" ">
    <subfield code="y">GID903</subfield>
    <subfield code="9">48b4786c-0e3c-44d6-87a0-859d653f887e</subfield>
    <subfield code="s">335638</subfield>
    <subfield code="u">https://digicoll.lib.berkeley.edu/record/207283/files/9030.jpeg</subfield>
  </datafield>
  <datafield tag="856" ind1="4" ind2=" ">
    <subfield code="y">GID904</subfield>
    <subfield code="9">b83ebdcd-363b-42f4-b6bc-c9f7192e47c6</subfield>
    <subfield code="s">367460</subfield>
    <subfield code="u">https://digicoll.lib.berkeley.edu/record/207283/files/9040.jpeg</subfield>
  </datafield>
  <datafield tag="856" ind1="4" ind2=" ">
    <subfield code="y">GID905</subfield>
    <subfield code="9">715abcf5-f59b-4b02-9130-813354cc77b3</subfield>
    <subfield code="s">364451</subfield>
    <subfield code="u">https://digicoll.lib.berkeley.edu/record/207283/files/9050.jpeg</subfield>
  </datafield>
  <datafield tag="856" ind1="4" ind2=" ">
    <subfield code="y">GID906</subfield>
    <subfield code="9">0e9c96b3-f428-4d9a-9a56-0be78404584d</subfield>
    <subfield code="s">363023</subfield>
    <subfield code="u">https://digicoll.lib.berkeley.edu/record/207283/files/9060.jpeg</subfield>
  </datafield>
  <datafield tag="856" ind1="4" ind2=" ">
    <subfield code="y">GID907</subfield>
    <subfield code="9">7a7c5c3e-1b87-433c-89d9-8c7f527acbb3</subfield>
    <subfield code="s">360889</subfield>
    <subfield code="u">https://digicoll.lib.berkeley.edu/record/207283/files/9070.jpeg</subfield>
  </datafield>
  <datafield tag="856" ind1="4" ind2=" ">
    <subfield code="y">GID908</subfield>
    <subfield code="9">78dde3e3-9aa4-454c-9176-532cbfabae94</subfield>
    <subfield code="s">354331</subfield>
    <subfield code="u">https://digicoll.lib.berkeley.edu/record/207283/files/9080.jpeg</subfield>
  </datafield>
  <datafield tag="856" ind1="4" ind2=" ">
    <subfield code="y">GID909</subfield>
    <subfield code="9">6a67e3c2-285d-43d8-87fe-2e3a15c30a02</subfield>
    <subfield code="s">353516</subfield>
    <subfield code="u">https://digicoll.lib.berkeley.edu/record/207283/files/9090.jpeg</subfield>
  </datafield>
  <datafield tag="856" ind1="4" ind2=" ">
    <subfield code="y">GID910</subfield>
    <subfield code="9">c17c69e6-2802-4e4e-a364-2f7665d3e016</subfield>
    <subfield code="s">346265</subfield>
    <subfield code="u">https://digicoll.lib.berkeley.edu/record/207283/files/9100.jpeg</subfield>
  </datafield>
  <datafield tag="856" ind1="4" ind2=" ">
    <subfield code="y">GID911</subfield>
    <subfield code="9">5a20c5a8-8b4b-43dc-8e62-38d6994fe3c1</subfield>
    <subfield code="s">353690</subfield>
    <subfield code="u">https://digicoll.lib.berkeley.edu/record/207283/files/9110.jpeg</subfield>
  </datafield>
  <datafield tag="856" ind1="4" ind2=" ">
    <subfield code="y">GID912</subfield>
    <subfield code="9">eb693a63-3055-4508-a81d-d818270ca2d0</subfield>
    <subfield code="s">215020</subfield>
    <subfield code="u">https://digicoll.lib.berkeley.edu/record/207283/files/9120.jpeg</subfield>
  </datafield>
  <datafield tag="856" ind1="4" ind2=" ">
    <subfield code="y">GID913</subfield>
    <subfield code="9">abda399b-2e56-4bcc-9eed-9ddea8989f6e</subfield>
    <subfield code="s">214837</subfield>
    <subfield code="u">https://digicoll.lib.berkeley.edu/record/207283/files/9130.jpeg</subfield>
  </datafield>
  <datafield tag="856" ind1="4" ind2=" ">
    <subfield code="y">GID914</subfield>
    <subfield code="9">3b7e8ab2-e3cf-4b9d-82c6-92a66475cc96</subfield>
    <subfield code="s">303231</subfield>
    <subfield code="u">https://digicoll.lib.berkeley.edu/record/207283/files/9140.jpeg</subfield>
  </datafield>
  <datafield tag="856" ind1="4" ind2=" ">
    <subfield code="y">GID915</subfield>
    <subfield code="9">3e2a1d13-5b0b-4835-9301-44359ef6d4b1</subfield>
    <subfield code="s">319308</subfield>
    <subfield code="u">https://digicoll.lib.berkeley.edu/record/207283/files/9150.jpeg</subfield>
  </datafield>
  <datafield tag="856" ind1="4" ind2=" ">
    <subfield code="y">GID916</subfield>
    <subfield code="9">a6f497e6-a5b0-401d-850d-57c305f0a096</subfield>
    <subfield code="s">323790</subfield>
    <subfield code="u">https://digicoll.lib.berkeley.edu/record/207283/files/9160.jpeg</subfield>
  </datafield>
  <datafield tag="856" ind1="4" ind2=" ">
    <subfield code="y">GID917</subfield>
    <subfield code="9">0fcef91f-a2d1-4078-86cf-bc052f09f166</subfield>
    <subfield code="s">323732</subfield>
    <subfield code="u">https://digicoll.lib.berkeley.edu/record/207283/files/9170.jpeg</subfield>
  </datafield>
  <datafield tag="856" ind1="4" ind2=" ">
    <subfield code="y">GID918</subfield>
    <subfield code="9">a22a29cc-5757-442b-aefd-8da13102dc07</subfield>
    <subfield code="s">331741</subfield>
    <subfield code="u">https://digicoll.lib.berkeley.edu/record/207283/files/9180.jpeg</subfield>
  </datafield>
  <datafield tag="856" ind1="4" ind2=" ">
    <subfield code="y">GID919</subfield>
    <subfield code="9">1e3e0236-6422-4361-a191-cf0f22917b66</subfield>
    <subfield code="s">328882</subfield>
    <subfield code="u">https://digicoll.lib.berkeley.edu/record/207283/files/9190.jpeg</subfield>
  </datafield>
  <datafield tag="856" ind1="4" ind2=" ">
    <subfield code="y">GID920</subfield>
    <subfield code="9">8bc644cf-9e02-4105-b8b3-8df10ab4e097</subfield>
    <subfield code="s">325478</subfield>
    <subfield code="u">https://digicoll.lib.berkeley.edu/record/207283/files/9200.jpeg</subfield>
  </datafield>
  <datafield tag="856" ind1="4" ind2=" ">
    <subfield code="y">GID921</subfield>
    <subfield code="9">411b0306-356f-4a7b-abe9-2b15057069ac</subfield>
    <subfield code="s">331159</subfield>
    <subfield code="u">https://digicoll.lib.berkeley.edu/record/207283/files/9210.jpeg</subfield>
  </datafield>
  <datafield tag="856" ind1="4" ind2=" ">
    <subfield code="y">GID922</subfield>
    <subfield code="9">70b27575-0d15-4daf-9d2f-d66f35453fb6</subfield>
    <subfield code="s">325657</subfield>
    <subfield code="u">https://digicoll.lib.berkeley.edu/record/207283/files/9220.jpeg</subfield>
  </datafield>
  <datafield tag="856" ind1="4" ind2=" ">
    <subfield code="y">GID923</subfield>
    <subfield code="9">37eecbf1-e21c-42b4-9ca1-a28afeca94b6</subfield>
    <subfield code="s">327598</subfield>
    <subfield code="u">https://digicoll.lib.berkeley.edu/record/207283/files/9230.jpeg</subfield>
  </datafield>
  <datafield tag="856" ind1="4" ind2=" ">
    <subfield code="y">GID924</subfield>
    <subfield code="9">0498c1fd-c27a-4698-b576-49d926506712</subfield>
    <subfield code="s">327707</subfield>
    <subfield code="u">https://digicoll.lib.berkeley.edu/record/207283/files/9240.jpeg</subfield>
  </datafield>
  <datafield tag="856" ind1="4" ind2=" ">
    <subfield code="y">GID925</subfield>
    <subfield code="9">b5f1b717-15c6-4f04-9c32-dd998a91d534</subfield>
    <subfield code="s">262732</subfield>
    <subfield code="u">https://digicoll.lib.berkeley.edu/record/207283/files/9250.jpeg</subfield>
  </datafield>
  <datafield tag="856" ind1="4" ind2=" ">
    <subfield code="y">GID926</subfield>
    <subfield code="9">12307b4b-9b39-42b9-a6b2-872744c26597</subfield>
    <subfield code="s">262836</subfield>
    <subfield code="u">https://digicoll.lib.berkeley.edu/record/207283/files/9260.jpeg</subfield>
  </datafield>
  <datafield tag="856" ind1="4" ind2=" ">
    <subfield code="y">GID927</subfield>
    <subfield code="9">d9eb0ba1-0465-451f-a30a-42f6c94b4605</subfield>
    <subfield code="s">330507</subfield>
    <subfield code="u">https://digicoll.lib.berkeley.edu/record/207283/files/9270.jpeg</subfield>
  </datafield>
  <datafield tag="856" ind1="4" ind2=" ">
    <subfield code="y">GID928</subfield>
    <subfield code="9">254db4ec-6297-4cd0-83be-3123df3315e4</subfield>
    <subfield code="s">336308</subfield>
    <subfield code="u">https://digicoll.lib.berkeley.edu/record/207283/files/9280.jpeg</subfield>
  </datafield>
  <datafield tag="856" ind1="4" ind2=" ">
    <subfield code="y">GID929</subfield>
    <subfield code="9">e1fc4a17-3e06-468f-98fc-dc4d328b0903</subfield>
    <subfield code="s">332836</subfield>
    <subfield code="u">https://digicoll.lib.berkeley.edu/record/207283/files/9290.jpeg</subfield>
  </datafield>
  <datafield tag="856" ind1="4" ind2=" ">
    <subfield code="y">GID930</subfield>
    <subfield code="9">4bdd910f-c4cd-42be-9d5d-76361541ade9</subfield>
    <subfield code="s">336101</subfield>
    <subfield code="u">https://digicoll.lib.berkeley.edu/record/207283/files/9300.jpeg</subfield>
  </datafield>
  <datafield tag="856" ind1="4" ind2=" ">
    <subfield code="y">GID931</subfield>
    <subfield code="9">e583dc87-4348-4f5c-a398-9aa9fc3cfede</subfield>
    <subfield code="s">339730</subfield>
    <subfield code="u">https://digicoll.lib.berkeley.edu/record/207283/files/9310.jpeg</subfield>
  </datafield>
  <datafield tag="856" ind1="4" ind2=" ">
    <subfield code="y">GID932</subfield>
    <subfield code="9">47f1ce08-2ef6-41a0-8343-da667cc71049</subfield>
    <subfield code="s">346405</subfield>
    <subfield code="u">https://digicoll.lib.berkeley.edu/record/207283/files/9320.jpeg</subfield>
  </datafield>
  <datafield tag="856" ind1="4" ind2=" ">
    <subfield code="y">GID933</subfield>
    <subfield code="9">cd9388d6-6dea-4fb7-82b6-bcf9acec7d9e</subfield>
    <subfield code="s">343246</subfield>
    <subfield code="u">https://digicoll.lib.berkeley.edu/record/207283/files/9330.jpeg</subfield>
  </datafield>
  <datafield tag="856" ind1="4" ind2=" ">
    <subfield code="y">GID934</subfield>
    <subfield code="9">d6bdfd16-25da-4bf2-aece-65d4791dad20</subfield>
    <subfield code="s">344770</subfield>
    <subfield code="u">https://digicoll.lib.berkeley.edu/record/207283/files/9340.jpeg</subfield>
  </datafield>
  <datafield tag="856" ind1="4" ind2=" ">
    <subfield code="y">GID935</subfield>
    <subfield code="9">9fed6017-f121-436e-97bb-b69c6bf74005</subfield>
    <subfield code="s">343712</subfield>
    <subfield code="u">https://digicoll.lib.berkeley.edu/record/207283/files/9350.jpeg</subfield>
  </datafield>
  <datafield tag="856" ind1="4" ind2=" ">
    <subfield code="y">GID936</subfield>
    <subfield code="9">fcb2f23b-0d93-4309-805e-98a3882a9f35</subfield>
    <subfield code="s">345490</subfield>
    <subfield code="u">https://digicoll.lib.berkeley.edu/record/207283/files/9360.jpeg</subfield>
  </datafield>
  <datafield tag="856" ind1="4" ind2=" ">
    <subfield code="y">GID937</subfield>
    <subfield code="9">98722da8-ca55-4312-88c0-e9024b17ea89</subfield>
    <subfield code="s">343505</subfield>
    <subfield code="u">https://digicoll.lib.berkeley.edu/record/207283/files/9370.jpeg</subfield>
  </datafield>
  <datafield tag="856" ind1="4" ind2=" ">
    <subfield code="y">GID938</subfield>
    <subfield code="9">bcbdc45b-21ae-494d-87ae-8dedad2ccb3a</subfield>
    <subfield code="s">344374</subfield>
    <subfield code="u">https://digicoll.lib.berkeley.edu/record/207283/files/9380.jpeg</subfield>
  </datafield>
  <datafield tag="856" ind1="4" ind2=" ">
    <subfield code="y">GID939</subfield>
    <subfield code="9">a02dc44c-9968-4202-90ff-e5ce10a6c593</subfield>
    <subfield code="s">342652</subfield>
    <subfield code="u">https://digicoll.lib.berkeley.edu/record/207283/files/9390.jpeg</subfield>
  </datafield>
  <datafield tag="856" ind1="4" ind2=" ">
    <subfield code="y">GID940</subfield>
    <subfield code="9">13ba6e7a-2474-4d47-b8d7-c2296581614b</subfield>
    <subfield code="s">341041</subfield>
    <subfield code="u">https://digicoll.lib.berkeley.edu/record/207283/files/9400.jpeg</subfield>
  </datafield>
  <datafield tag="856" ind1="4" ind2=" ">
    <subfield code="y">GID941</subfield>
    <subfield code="9">382c78fa-0162-4d02-b771-9033fadc44f6</subfield>
    <subfield code="s">345236</subfield>
    <subfield code="u">https://digicoll.lib.berkeley.edu/record/207283/files/9410.jpeg</subfield>
  </datafield>
  <datafield tag="856" ind1="4" ind2=" ">
    <subfield code="y">GID942</subfield>
    <subfield code="9">a864069f-8adf-45ab-bf71-98d2d0f35545</subfield>
    <subfield code="s">343171</subfield>
    <subfield code="u">https://digicoll.lib.berkeley.edu/record/207283/files/9420.jpeg</subfield>
  </datafield>
  <datafield tag="856" ind1="4" ind2=" ">
    <subfield code="y">GID943</subfield>
    <subfield code="9">9e68d343-5a91-48b8-b00c-2721a199e897</subfield>
    <subfield code="s">341032</subfield>
    <subfield code="u">https://digicoll.lib.berkeley.edu/record/207283/files/9430.jpeg</subfield>
  </datafield>
  <datafield tag="856" ind1="4" ind2=" ">
    <subfield code="y">GID944</subfield>
    <subfield code="9">1c4875ea-21fb-47d6-a40d-689437a6ff38</subfield>
    <subfield code="s">335495</subfield>
    <subfield code="u">https://digicoll.lib.berkeley.edu/record/207283/files/9440.jpeg</subfield>
  </datafield>
  <datafield tag="856" ind1="4" ind2=" ">
    <subfield code="y">GID945</subfield>
    <subfield code="9">5eb557ab-da03-4555-9eb4-82b2858a6116</subfield>
    <subfield code="s">338232</subfield>
    <subfield code="u">https://digicoll.lib.berkeley.edu/record/207283/files/9450.jpeg</subfield>
  </datafield>
  <datafield tag="856" ind1="4" ind2=" ">
    <subfield code="y">GID946</subfield>
    <subfield code="9">dd33a5c3-2866-4f5a-ba11-e3aa0a2c9f25</subfield>
    <subfield code="s">336159</subfield>
    <subfield code="u">https://digicoll.lib.berkeley.edu/record/207283/files/9460.jpeg</subfield>
  </datafield>
  <datafield tag="856" ind1="4" ind2=" ">
    <subfield code="y">GID947</subfield>
    <subfield code="9">a53ee758-6beb-4c39-b044-0fe3d681f500</subfield>
    <subfield code="s">331626</subfield>
    <subfield code="u">https://digicoll.lib.berkeley.edu/record/207283/files/9470.jpeg</subfield>
  </datafield>
  <datafield tag="856" ind1="4" ind2=" ">
    <subfield code="y">GID948</subfield>
    <subfield code="9">a1d18b2a-d3aa-4e1d-aa7f-48243d868c0c</subfield>
    <subfield code="s">331658</subfield>
    <subfield code="u">https://digicoll.lib.berkeley.edu/record/207283/files/9480.jpeg</subfield>
  </datafield>
  <datafield tag="856" ind1="4" ind2=" ">
    <subfield code="y">GID949</subfield>
    <subfield code="9">4009ebb0-c26d-4048-a458-6062534441e9</subfield>
    <subfield code="s">332864</subfield>
    <subfield code="u">https://digicoll.lib.berkeley.edu/record/207283/files/9490.jpeg</subfield>
  </datafield>
  <datafield tag="856" ind1="4" ind2=" ">
    <subfield code="y">GID950</subfield>
    <subfield code="9">c557a3cb-b5d0-4c70-9985-a58d9adc539b</subfield>
    <subfield code="s">325647</subfield>
    <subfield code="u">https://digicoll.lib.berkeley.edu/record/207283/files/9500.jpeg</subfield>
  </datafield>
  <datafield tag="856" ind1="4" ind2=" ">
    <subfield code="y">GID951</subfield>
    <subfield code="9">f600813e-f368-46c4-bf0e-1fc4a915845d</subfield>
    <subfield code="s">326053</subfield>
    <subfield code="u">https://digicoll.lib.berkeley.edu/record/207283/files/9510.jpeg</subfield>
  </datafield>
  <datafield tag="856" ind1="4" ind2=" ">
    <subfield code="y">GID952</subfield>
    <subfield code="9">72effaa8-230f-415a-bd5e-dc67185b573b</subfield>
    <subfield code="s">326431</subfield>
    <subfield code="u">https://digicoll.lib.berkeley.edu/record/207283/files/9520.jpeg</subfield>
  </datafield>
  <datafield tag="856" ind1="4" ind2=" ">
    <subfield code="y">GID953</subfield>
    <subfield code="9">0893a1ed-f8ef-497a-9c7d-8d052e6a15f4</subfield>
    <subfield code="s">324641</subfield>
    <subfield code="u">https://digicoll.lib.berkeley.edu/record/207283/files/9530.jpeg</subfield>
  </datafield>
  <datafield tag="856" ind1="4" ind2=" ">
    <subfield code="y">GID954</subfield>
    <subfield code="9">7bab48b8-6ae2-43f4-8882-98670b964efb</subfield>
    <subfield code="s">337314</subfield>
    <subfield code="u">https://digicoll.lib.berkeley.edu/record/207283/files/9540.jpeg</subfield>
  </datafield>
  <datafield tag="856" ind1="4" ind2=" ">
    <subfield code="y">GID955</subfield>
    <subfield code="9">00314615-8461-4459-9191-84a4a97aedd0</subfield>
    <subfield code="s">332651</subfield>
    <subfield code="u">https://digicoll.lib.berkeley.edu/record/207283/files/9550.jpeg</subfield>
  </datafield>
  <datafield tag="856" ind1="4" ind2=" ">
    <subfield code="y">GID956</subfield>
    <subfield code="9">be481ecd-162b-4bda-8f2a-ceb2248364e2</subfield>
    <subfield code="s">343876</subfield>
    <subfield code="u">https://digicoll.lib.berkeley.edu/record/207283/files/9560.jpeg</subfield>
  </datafield>
  <datafield tag="856" ind1="4" ind2=" ">
    <subfield code="y">GID957</subfield>
    <subfield code="9">7781ddd0-0253-452e-aea4-c07b80f7d7a8</subfield>
    <subfield code="s">340058</subfield>
    <subfield code="u">https://digicoll.lib.berkeley.edu/record/207283/files/9570.jpeg</subfield>
  </datafield>
  <datafield tag="856" ind1="4" ind2=" ">
    <subfield code="y">GID958</subfield>
    <subfield code="9">07884979-ba7f-4f41-948b-516154ad0994</subfield>
    <subfield code="s">238841</subfield>
    <subfield code="u">https://digicoll.lib.berkeley.edu/record/207283/files/9580.jpeg</subfield>
  </datafield>
  <datafield tag="880" ind1=" " ind2=" ">
    <subfield code="6">100-01/$1</subfield>
    <subfield code="a">,  1187-1269.</subfield>
  </datafield>
  <datafield tag="880" ind1=" " ind2=" ">
    <subfield code="6">245-02/$1</subfield>
    <subfield code="a"></subfield>
    <subfield code="b">, </subfield>
  </datafield>
  <datafield tag="880" ind1=" " ind2=" ">
    <subfield code="6">260-03/$1</subfield>
    <subfield code="a">[China</subfield>
    <subfield code="b">s.n.</subfield>
    <subfield code="c">, between 1249 and 1279]</subfield>
  </datafield>
  <datafield tag="880" ind1=" " ind2=" ">
    <subfield code="6">500-00/$1</subfield>
    <subfield code="a">""" ... ".</subfield>
  </datafield>
  <datafield tag="880" ind1=" " ind2=" ">
    <subfield code="6">500-00/$1</subfield>
    <subfield code="a">19.4 x 12.9, 1021, , , . .</subfield>
  </datafield>
  <datafield tag="880" ind1=" " ind2=" ">
    <subfield code="6">500-00/$1</subfield>
    <subfield code="a">(40-45)19.4 x 12.9, 1021, , , . """".</subfield>
  </datafield>
  <datafield tag="880" ind1=" " ind2=" ">
    <subfield code="6">590-00/$1</subfield>
    <subfield code="a">"", "", "", "".</subfield>
  </datafield>
  <datafield tag="880" ind1=" " ind2=" ">
    <subfield code="6">650-04/$1</subfield>
    <subfield code="a"> --  -- .</subfield>
  </datafield>
  <datafield tag="880" ind1=" " ind2=" ">
    <subfield code="6">700-05/$1</subfield>
    <subfield code="e">.</subfield>
    <subfield code="a"></subfield>
  </datafield>
  <datafield tag="880" ind1=" " ind2=" ">
    <subfield code="6">700-06/$1</subfield>
    <subfield code="e">.</subfield>
    <subfield code="a">,  1620-1691</subfield>
  </datafield>
  <datafield tag="880" ind1=" " ind2=" ">
    <subfield code="6">700-07/$1</subfield>
    <subfield code="e">.</subfield>
    <subfield code="a">,  1733-1818</subfield>
  </datafield>
  <datafield tag="880" ind1=" " ind2=" ">
    <subfield code="6">700-08/$1</subfield>
    <subfield code="e">.</subfield>
    <subfield code="a">,  1776-1835</subfield>
  </datafield>
  <datafield tag="880" ind1=" " ind2=" ">
    <subfield code="6">700-09/$1</subfield>
    <subfield code="e">.</subfield>
    <subfield code="a">,  1882-1963</subfield>
  </datafield>
  <datafield tag="901" ind1=" " ind2=" ">
    <subfield code="m">b11352267</subfield>
    <subfield code="o">122793034</subfield>
  </datafield>
  <datafield tag="902" ind1=" " ind2=" ">
    <subfield code="d">2021-01-26</subfield>
    <subfield code="n">YZ</subfield>
  </datafield>
  <datafield tag="903" ind1=" " ind2=" ">
    <subfield code="b">m</subfield>
  </datafield>
  <datafield tag="980" ind1=" " ind2=" ">
    <subfield code="a">Houcun ju shi ji</subfield>
  </datafield>
  <datafield tag="982" ind1=" " ind2=" ">
    <subfield code="a">Houcun ju shi ji</subfield>
    <subfield code="b">Houcun ju shi ji</subfield>
  </datafield>
</record>