
    <record>
  <controlfield tag="001">207284</controlfield>
  <controlfield tag="005">20210127095602.0</controlfield>
  <datafield tag="035" ind1=" " ind2=" ">
    <subfield code="a">(houcun)00001</subfield>
  </datafield>
  <datafield tag="041" ind1=" " ind2=" ">
    <subfield code="a">chi</subfield>
  </datafield>
  <datafield tag="245" ind1=" " ind2=" ">
    <subfield code="6">880-02</subfield>
    <subfield code="a">Houcun ju shi ji</subfield>
    <subfield code="b">wu shi juan, mu lu er juan.</subfield>
    <subfield code="p">case (tao) 1</subfield>
  </datafield>
  <datafield tag="260" ind1=" " ind2=" ">
    <subfield code="6">880-03</subfield>
    <subfield code="a">[China</subfield>
    <subfield code="b">s.n.</subfield>
    <subfield code="c">Song, between 1249 and 1279]</subfield>
  </datafield>
  <datafield tag="269" ind1=" " ind2=" ">
    <subfield code="a">1249</subfield>
  </datafield>
  <datafield tag="300" ind1=" " ind2=" ">
    <subfield code="a">14 v. in 5 cases</subfield>
    <subfield code="c">28 cm.</subfield>
  </datafield>
  <datafield tag="336" ind1=" " ind2=" ">
    <subfield code="a">Text</subfield>
  </datafield>
  <datafield tag="700" ind1="1" ind2=" ">
    <subfield code="6">880-01</subfield>
    <subfield code="a">Liu, Kezhuang,  1187-1269.</subfield>
  </datafield>
  <datafield tag="700" ind1="1" ind2=" ">
    <subfield code="6">880-05</subfield>
    <subfield code="a">Lin, Xiufa.</subfield>
  </datafield>
  <datafield tag="700" ind1="1" ind2=" ">
    <subfield code="6">880-06</subfield>
    <subfield code="a">Liang, Qingbiao,  1620-1691.</subfield>
  </datafield>
  <datafield tag="700" ind1="1" ind2=" ">
    <subfield code="6">880-07</subfield>
    <subfield code="a">Weng, Fanggang,  1733-1818.</subfield>
  </datafield>
  <datafield tag="700" ind1="1" ind2=" ">
    <subfield code="6">880-08</subfield>
    <subfield code="a">Gu, Guangqi,  1770-1839.</subfield>
  </datafield>
  <datafield tag="700" ind1="1" ind2=" ">
    <subfield code="6">880-09</subfield>
    <subfield code="a">Liu, Chenggan,  1882-1963.</subfield>
  </datafield>
  <datafield tag="852" ind1=" " ind2=" ">
    <subfield code="c">East Asian Library</subfield>
  </datafield>
  <datafield tag="856" ind1="4" ind2="1">
    <subfield code="u">http://oskicat.berkeley.edu/record=b11352267</subfield>
    <subfield code="y">View library catalog record.</subfield>
  </datafield>
  <datafield tag="856" ind1="4" ind2=" ">
    <subfield code="y">GID1</subfield>
    <subfield code="9">730b6706-163b-4a45-b17f-ecbda98dd2ae</subfield>
    <subfield code="s">625898</subfield>
    <subfield code="u">https://digicoll.lib.berkeley.edu/record/207284/files/10.jpeg</subfield>
  </datafield>
  <datafield tag="856" ind1="4" ind2=" ">
    <subfield code="y">GID2</subfield>
    <subfield code="9">695e33e4-67d4-44af-88cc-941645d4fd94</subfield>
    <subfield code="s">433610</subfield>
    <subfield code="u">https://digicoll.lib.berkeley.edu/record/207284/files/20.jpeg</subfield>
  </datafield>
  <datafield tag="856" ind1="4" ind2=" ">
    <subfield code="y">GID3</subfield>
    <subfield code="9">49a2f983-5d1b-4392-944c-12575dae87a7</subfield>
    <subfield code="s">461976</subfield>
    <subfield code="u">https://digicoll.lib.berkeley.edu/record/207284/files/30.jpeg</subfield>
  </datafield>
  <datafield tag="856" ind1="4" ind2=" ">
    <subfield code="y">GID4</subfield>
    <subfield code="9">336a2db7-79a5-41a5-9b57-d6ea7b6a3101</subfield>
    <subfield code="s">599115</subfield>
    <subfield code="u">https://digicoll.lib.berkeley.edu/record/207284/files/40.jpeg</subfield>
  </datafield>
  <datafield tag="856" ind1="4" ind2=" ">
    <subfield code="y">GID5</subfield>
    <subfield code="9">618810d9-1eb0-4f84-be9e-8c805f5d2eed</subfield>
    <subfield code="s">647233</subfield>
    <subfield code="u">https://digicoll.lib.berkeley.edu/record/207284/files/50.jpeg</subfield>
  </datafield>
  <datafield tag="856" ind1="4" ind2=" ">
    <subfield code="y">GID6</subfield>
    <subfield code="9">e6cdddae-cc8a-4b78-a28f-630002219b40</subfield>
    <subfield code="s">644039</subfield>
    <subfield code="u">https://digicoll.lib.berkeley.edu/record/207284/files/60.jpeg</subfield>
  </datafield>
  <datafield tag="856" ind1="4" ind2=" ">
    <subfield code="y">GID7</subfield>
    <subfield code="9">c5d13b59-c89b-4e42-8172-8158cd81fb08</subfield>
    <subfield code="s">650959</subfield>
    <subfield code="u">https://digicoll.lib.berkeley.edu/record/207284/files/70.jpeg</subfield>
  </datafield>
  <datafield tag="856" ind1="4" ind2=" ">
    <subfield code="y">GID8</subfield>
    <subfield code="9">d483b5c5-b876-4627-9a13-bb7cfdadfec6</subfield>
    <subfield code="s">666372</subfield>
    <subfield code="u">https://digicoll.lib.berkeley.edu/record/207284/files/80.jpeg</subfield>
  </datafield>
  <datafield tag="856" ind1="4" ind2=" ">
    <subfield code="y">GID9</subfield>
    <subfield code="9">805c3e41-ece5-4f35-8b18-920dc0d95307</subfield>
    <subfield code="s">629458</subfield>
    <subfield code="u">https://digicoll.lib.berkeley.edu/record/207284/files/90.jpeg</subfield>
  </datafield>
  <datafield tag="856" ind1="4" ind2=" ">
    <subfield code="y">GID10</subfield>
    <subfield code="9">238ebf02-361a-45f2-a289-8082bcf1ebfa</subfield>
    <subfield code="s">560035</subfield>
    <subfield code="u">https://digicoll.lib.berkeley.edu/record/207284/files/100.jpeg</subfield>
  </datafield>
  <datafield tag="856" ind1="4" ind2=" ">
    <subfield code="y">GID11</subfield>
    <subfield code="9">4d476c7d-1fd2-442e-8357-de00500038ad</subfield>
    <subfield code="s">619959</subfield>
    <subfield code="u">https://digicoll.lib.berkeley.edu/record/207284/files/110.jpeg</subfield>
  </datafield>
  <datafield tag="856" ind1="4" ind2=" ">
    <subfield code="y">GID12</subfield>
    <subfield code="9">62bca3d5-fac6-4f9e-8827-3babc990d2cc</subfield>
    <subfield code="s">620326</subfield>
    <subfield code="u">https://digicoll.lib.berkeley.edu/record/207284/files/120.jpeg</subfield>
  </datafield>
  <datafield tag="856" ind1="4" ind2=" ">
    <subfield code="y">GID13</subfield>
    <subfield code="9">53d63296-91c5-4f87-b09a-cee8a631a7e3</subfield>
    <subfield code="s">649488</subfield>
    <subfield code="u">https://digicoll.lib.berkeley.edu/record/207284/files/130.jpeg</subfield>
  </datafield>
  <datafield tag="856" ind1="4" ind2=" ">
    <subfield code="y">GID14</subfield>
    <subfield code="9">319ba695-79e5-4b13-bbe6-bedfdf0d7770</subfield>
    <subfield code="s">644005</subfield>
    <subfield code="u">https://digicoll.lib.berkeley.edu/record/207284/files/140.jpeg</subfield>
  </datafield>
  <datafield tag="856" ind1="4" ind2=" ">
    <subfield code="y">GID15</subfield>
    <subfield code="9">1f9eb0a4-f051-4e90-9291-205af8378df8</subfield>
    <subfield code="s">616546</subfield>
    <subfield code="u">https://digicoll.lib.berkeley.edu/record/207284/files/150.jpeg</subfield>
  </datafield>
  <datafield tag="856" ind1="4" ind2=" ">
    <subfield code="y">GID16</subfield>
    <subfield code="9">d59ca5fb-81f0-4d58-8c5b-df12be570594</subfield>
    <subfield code="s">464996</subfield>
    <subfield code="u">https://digicoll.lib.berkeley.edu/record/207284/files/160.jpeg</subfield>
  </datafield>
  <datafield tag="856" ind1="4" ind2=" ">
    <subfield code="y">GID17</subfield>
    <subfield code="9">08b2b4fc-264b-4700-9263-fd2d328d206a</subfield>
    <subfield code="s">482407</subfield>
    <subfield code="u">https://digicoll.lib.berkeley.edu/record/207284/files/170.jpeg</subfield>
  </datafield>
  <datafield tag="856" ind1="4" ind2=" ">
    <subfield code="y">GID18</subfield>
    <subfield code="9">170b9ac2-f423-4574-ac23-c86d535248cf</subfield>
    <subfield code="s">482806</subfield>
    <subfield code="u">https://digicoll.lib.berkeley.edu/record/207284/files/180.jpeg</subfield>
  </datafield>
  <datafield tag="856" ind1="4" ind2=" ">
    <subfield code="y">GID19</subfield>
    <subfield code="9">3a946c5f-76d5-4203-8d7d-bb9bbc66d16c</subfield>
    <subfield code="s">505615</subfield>
    <subfield code="u">https://digicoll.lib.berkeley.edu/record/207284/files/190.jpeg</subfield>
  </datafield>
  <datafield tag="856" ind1="4" ind2=" ">
    <subfield code="y">GID20</subfield>
    <subfield code="9">b37aef68-15d8-4e8f-9ff2-da67481b42b4</subfield>
    <subfield code="s">481736</subfield>
    <subfield code="u">https://digicoll.lib.berkeley.edu/record/207284/files/200.jpeg</subfield>
  </datafield>
  <datafield tag="856" ind1="4" ind2=" ">
    <subfield code="y">GID21</subfield>
    <subfield code="9">d85000cd-45e8-485f-9dce-02b859429470</subfield>
    <subfield code="s">478490</subfield>
    <subfield code="u">https://digicoll.lib.berkeley.edu/record/207284/files/210.jpeg</subfield>
  </datafield>
  <datafield tag="856" ind1="4" ind2=" ">
    <subfield code="y">GID22</subfield>
    <subfield code="9">4365b3be-b0c0-4480-8b82-ec8a6c622e4e</subfield>
    <subfield code="s">487774</subfield>
    <subfield code="u">https://digicoll.lib.berkeley.edu/record/207284/files/220.jpeg</subfield>
  </datafield>
  <datafield tag="856" ind1="4" ind2=" ">
    <subfield code="y">GID23</subfield>
    <subfield code="9">4d74f1c7-ca3f-45ad-8d2e-feeb39aec780</subfield>
    <subfield code="s">494733</subfield>
    <subfield code="u">https://digicoll.lib.berkeley.edu/record/207284/files/230.jpeg</subfield>
  </datafield>
  <datafield tag="856" ind1="4" ind2=" ">
    <subfield code="y">GID24</subfield>
    <subfield code="9">68e09565-4559-49a5-93ff-dcfeb266575e</subfield>
    <subfield code="s">511593</subfield>
    <subfield code="u">https://digicoll.lib.berkeley.edu/record/207284/files/240.jpeg</subfield>
  </datafield>
  <datafield tag="856" ind1="4" ind2=" ">
    <subfield code="y">GID25</subfield>
    <subfield code="9">ed014bb7-55fa-421d-9def-2e46b40a4478</subfield>
    <subfield code="s">512562</subfield>
    <subfield code="u">https://digicoll.lib.berkeley.edu/record/207284/files/250.jpeg</subfield>
  </datafield>
  <datafield tag="856" ind1="4" ind2=" ">
    <subfield code="y">GID26</subfield>
    <subfield code="9">0c78869e-1bfc-4389-8fbd-d1cf703d0cdd</subfield>
    <subfield code="s">538405</subfield>
    <subfield code="u">https://digicoll.lib.berkeley.edu/record/207284/files/260.jpeg</subfield>
  </datafield>
  <datafield tag="856" ind1="4" ind2=" ">
    <subfield code="y">GID27</subfield>
    <subfield code="9">c3091a0a-c51c-4584-93e0-0f838868b745</subfield>
    <subfield code="s">522697</subfield>
    <subfield code="u">https://digicoll.lib.berkeley.edu/record/207284/files/270.jpeg</subfield>
  </datafield>
  <datafield tag="856" ind1="4" ind2=" ">
    <subfield code="y">GID28</subfield>
    <subfield code="9">9c155783-b9fb-4c17-90e1-dd8cd0bc1a3b</subfield>
    <subfield code="s">524843</subfield>
    <subfield code="u">https://digicoll.lib.berkeley.edu/record/207284/files/280.jpeg</subfield>
  </datafield>
  <datafield tag="856" ind1="4" ind2=" ">
    <subfield code="y">GID29</subfield>
    <subfield code="9">dec68315-6b6c-4285-be5e-b7d657a41021</subfield>
    <subfield code="s">542331</subfield>
    <subfield code="u">https://digicoll.lib.berkeley.edu/record/207284/files/290.jpeg</subfield>
  </datafield>
  <datafield tag="856" ind1="4" ind2=" ">
    <subfield code="y">GID30</subfield>
    <subfield code="9">d8bf27eb-b69d-4c14-a895-b98a237088cd</subfield>
    <subfield code="s">505565</subfield>
    <subfield code="u">https://digicoll.lib.berkeley.edu/record/207284/files/300.jpeg</subfield>
  </datafield>
  <datafield tag="856" ind1="4" ind2=" ">
    <subfield code="y">GID31</subfield>
    <subfield code="9">68d853d8-7103-4a4e-9286-8dfbf55081d0</subfield>
    <subfield code="s">546610</subfield>
    <subfield code="u">https://digicoll.lib.berkeley.edu/record/207284/files/310.jpeg</subfield>
  </datafield>
  <datafield tag="856" ind1="4" ind2=" ">
    <subfield code="y">GID32</subfield>
    <subfield code="9">bd256fc5-fc31-4e93-886d-e2c0efd0d8a6</subfield>
    <subfield code="s">525722</subfield>
    <subfield code="u">https://digicoll.lib.berkeley.edu/record/207284/files/320.jpeg</subfield>
  </datafield>
  <datafield tag="856" ind1="4" ind2=" ">
    <subfield code="y">GID33</subfield>
    <subfield code="9">43e98355-e7e0-49d6-bd29-ef5781627b80</subfield>
    <subfield code="s">545977</subfield>
    <subfield code="u">https://digicoll.lib.berkeley.edu/record/207284/files/330.jpeg</subfield>
  </datafield>
  <datafield tag="856" ind1="4" ind2=" ">
    <subfield code="y">GID34</subfield>
    <subfield code="9">37cb6bef-52d8-45f6-8bee-d0694a439926</subfield>
    <subfield code="s">466063</subfield>
    <subfield code="u">https://digicoll.lib.berkeley.edu/record/207284/files/340.jpeg</subfield>
  </datafield>
  <datafield tag="856" ind1="4" ind2=" ">
    <subfield code="y">GID35</subfield>
    <subfield code="9">b35dfa30-5756-48b0-a5d0-d0b4d4bc52b6</subfield>
    <subfield code="s">471301</subfield>
    <subfield code="u">https://digicoll.lib.berkeley.edu/record/207284/files/350.jpeg</subfield>
  </datafield>
  <datafield tag="856" ind1="4" ind2=" ">
    <subfield code="y">GID36</subfield>
    <subfield code="9">d58954a8-46b8-414a-bec4-5907df025348</subfield>
    <subfield code="s">472107</subfield>
    <subfield code="u">https://digicoll.lib.berkeley.edu/record/207284/files/360.jpeg</subfield>
  </datafield>
  <datafield tag="856" ind1="4" ind2=" ">
    <subfield code="y">GID37</subfield>
    <subfield code="9">c7fb64ce-753b-48e0-a21e-0be5666e98fd</subfield>
    <subfield code="s">531944</subfield>
    <subfield code="u">https://digicoll.lib.berkeley.edu/record/207284/files/370.jpeg</subfield>
  </datafield>
  <datafield tag="856" ind1="4" ind2=" ">
    <subfield code="y">GID38</subfield>
    <subfield code="9">40c02689-b38c-44ea-89a1-f61b9793820c</subfield>
    <subfield code="s">526583</subfield>
    <subfield code="u">https://digicoll.lib.berkeley.edu/record/207284/files/380.jpeg</subfield>
  </datafield>
  <datafield tag="856" ind1="4" ind2=" ">
    <subfield code="y">GID39</subfield>
    <subfield code="9">f1d5f859-978e-4b50-a069-e90ed6842349</subfield>
    <subfield code="s">515960</subfield>
    <subfield code="u">https://digicoll.lib.berkeley.edu/record/207284/files/390.jpeg</subfield>
  </datafield>
  <datafield tag="856" ind1="4" ind2=" ">
    <subfield code="y">GID40</subfield>
    <subfield code="9">1cfc49b5-7553-4852-9cd0-ab4739fca88e</subfield>
    <subfield code="s">529707</subfield>
    <subfield code="u">https://digicoll.lib.berkeley.edu/record/207284/files/400.jpeg</subfield>
  </datafield>
  <datafield tag="856" ind1="4" ind2=" ">
    <subfield code="y">GID41</subfield>
    <subfield code="9">a5e3f13b-5ced-46aa-b373-ab72e8ad983a</subfield>
    <subfield code="s">563745</subfield>
    <subfield code="u">https://digicoll.lib.berkeley.edu/record/207284/files/410.jpeg</subfield>
  </datafield>
  <datafield tag="856" ind1="4" ind2=" ">
    <subfield code="y">GID42</subfield>
    <subfield code="9">9b0b491e-2cc3-442b-a2a7-13549c09cb84</subfield>
    <subfield code="s">519373</subfield>
    <subfield code="u">https://digicoll.lib.berkeley.edu/record/207284/files/420.jpeg</subfield>
  </datafield>
  <datafield tag="856" ind1="4" ind2=" ">
    <subfield code="y">GID43</subfield>
    <subfield code="9">37bd132b-a905-477c-af45-211aa4f90ac1</subfield>
    <subfield code="s">492420</subfield>
    <subfield code="u">https://digicoll.lib.berkeley.edu/record/207284/files/430.jpeg</subfield>
  </datafield>
  <datafield tag="856" ind1="4" ind2=" ">
    <subfield code="y">GID44</subfield>
    <subfield code="9">f66957fd-6f6d-4bad-9f79-2909bb71f2fc</subfield>
    <subfield code="s">531007</subfield>
    <subfield code="u">https://digicoll.lib.berkeley.edu/record/207284/files/440.jpeg</subfield>
  </datafield>
  <datafield tag="856" ind1="4" ind2=" ">
    <subfield code="y">GID45</subfield>
    <subfield code="9">8b968455-9a62-49a5-a18a-7493ccdf1df4</subfield>
    <subfield code="s">328895</subfield>
    <subfield code="u">https://digicoll.lib.berkeley.edu/record/207284/files/450.jpeg</subfield>
  </datafield>
  <datafield tag="856" ind1="4" ind2=" ">
    <subfield code="y">GID46</subfield>
    <subfield code="9">24b80c8b-b6c3-434e-89ea-97a300bf2ed0</subfield>
    <subfield code="s">396722</subfield>
    <subfield code="u">https://digicoll.lib.berkeley.edu/record/207284/files/460.jpeg</subfield>
  </datafield>
  <datafield tag="856" ind1="4" ind2=" ">
    <subfield code="y">GID47</subfield>
    <subfield code="9">4728fcc6-c784-4a22-af68-47a120a49fe3</subfield>
    <subfield code="s">567349</subfield>
    <subfield code="u">https://digicoll.lib.berkeley.edu/record/207284/files/470.jpeg</subfield>
  </datafield>
  <datafield tag="856" ind1="4" ind2=" ">
    <subfield code="y">GID48</subfield>
    <subfield code="9">68d45113-251b-46c0-8822-f3c29f57c4c5</subfield>
    <subfield code="s">573159</subfield>
    <subfield code="u">https://digicoll.lib.berkeley.edu/record/207284/files/480.jpeg</subfield>
  </datafield>
  <datafield tag="856" ind1="4" ind2=" ">
    <subfield code="y">GID49</subfield>
    <subfield code="9">a72bdccc-83f5-4a30-8a37-402bd5216f07</subfield>
    <subfield code="s">579060</subfield>
    <subfield code="u">https://digicoll.lib.berkeley.edu/record/207284/files/490.jpeg</subfield>
  </datafield>
  <datafield tag="856" ind1="4" ind2=" ">
    <subfield code="y">GID50</subfield>
    <subfield code="9">a88a4428-a751-4fc7-b924-e4d4deb86ea7</subfield>
    <subfield code="s">583491</subfield>
    <subfield code="u">https://digicoll.lib.berkeley.edu/record/207284/files/500.jpeg</subfield>
  </datafield>
  <datafield tag="856" ind1="4" ind2=" ">
    <subfield code="y">GID51</subfield>
    <subfield code="9">907fca1e-c00e-41fc-afbf-eea2d0b4f521</subfield>
    <subfield code="s">579599</subfield>
    <subfield code="u">https://digicoll.lib.berkeley.edu/record/207284/files/510.jpeg</subfield>
  </datafield>
  <datafield tag="856" ind1="4" ind2=" ">
    <subfield code="y">GID52</subfield>
    <subfield code="9">c9440b8d-a326-4688-9bcf-30ff9403f940</subfield>
    <subfield code="s">591776</subfield>
    <subfield code="u">https://digicoll.lib.berkeley.edu/record/207284/files/520.jpeg</subfield>
  </datafield>
  <datafield tag="856" ind1="4" ind2=" ">
    <subfield code="y">GID53</subfield>
    <subfield code="9">638dbb4f-bdc4-453c-8351-81cfe5fb4563</subfield>
    <subfield code="s">584613</subfield>
    <subfield code="u">https://digicoll.lib.berkeley.edu/record/207284/files/530.jpeg</subfield>
  </datafield>
  <datafield tag="856" ind1="4" ind2=" ">
    <subfield code="y">GID54</subfield>
    <subfield code="9">fa36a284-6c7f-4082-9e2f-32c012d191c6</subfield>
    <subfield code="s">584848</subfield>
    <subfield code="u">https://digicoll.lib.berkeley.edu/record/207284/files/540.jpeg</subfield>
  </datafield>
  <datafield tag="856" ind1="4" ind2=" ">
    <subfield code="y">GID55</subfield>
    <subfield code="9">2088286e-1ff5-40e2-8ad0-3a16dfb64ecc</subfield>
    <subfield code="s">584790</subfield>
    <subfield code="u">https://digicoll.lib.berkeley.edu/record/207284/files/550.jpeg</subfield>
  </datafield>
  <datafield tag="856" ind1="4" ind2=" ">
    <subfield code="y">GID56</subfield>
    <subfield code="9">05ae120d-2323-4189-8372-85eccf948701</subfield>
    <subfield code="s">573260</subfield>
    <subfield code="u">https://digicoll.lib.berkeley.edu/record/207284/files/560.jpeg</subfield>
  </datafield>
  <datafield tag="856" ind1="4" ind2=" ">
    <subfield code="y">GID57</subfield>
    <subfield code="9">1d0a01a4-44ca-479f-ad26-deccda551af8</subfield>
    <subfield code="s">581147</subfield>
    <subfield code="u">https://digicoll.lib.berkeley.edu/record/207284/files/570.jpeg</subfield>
  </datafield>
  <datafield tag="856" ind1="4" ind2=" ">
    <subfield code="y">GID58</subfield>
    <subfield code="9">91addd90-3db8-4acf-9633-8bc0a996b318</subfield>
    <subfield code="s">550952</subfield>
    <subfield code="u">https://digicoll.lib.berkeley.edu/record/207284/files/580.jpeg</subfield>
  </datafield>
  <datafield tag="856" ind1="4" ind2=" ">
    <subfield code="y">GID59</subfield>
    <subfield code="9">494e38b0-6c23-436f-9f4e-c301a5ffca61</subfield>
    <subfield code="s">533651</subfield>
    <subfield code="u">https://digicoll.lib.berkeley.edu/record/207284/files/590.jpeg</subfield>
  </datafield>
  <datafield tag="856" ind1="4" ind2=" ">
    <subfield code="y">GID60</subfield>
    <subfield code="9">ba0702a7-ad5a-4af4-ade7-ec82c374de0b</subfield>
    <subfield code="s">536284</subfield>
    <subfield code="u">https://digicoll.lib.berkeley.edu/record/207284/files/600.jpeg</subfield>
  </datafield>
  <datafield tag="856" ind1="4" ind2=" ">
    <subfield code="y">GID61</subfield>
    <subfield code="9">c9d6ae61-3ca4-4555-ab7c-7f78494e2fd3</subfield>
    <subfield code="s">532903</subfield>
    <subfield code="u">https://digicoll.lib.berkeley.edu/record/207284/files/610.jpeg</subfield>
  </datafield>
  <datafield tag="856" ind1="4" ind2=" ">
    <subfield code="y">GID62</subfield>
    <subfield code="9">fd6d4993-c7de-4a37-8f20-4becfefd0bbf</subfield>
    <subfield code="s">491424</subfield>
    <subfield code="u">https://digicoll.lib.berkeley.edu/record/207284/files/620.jpeg</subfield>
  </datafield>
  <datafield tag="856" ind1="4" ind2=" ">
    <subfield code="y">GID63</subfield>
    <subfield code="9">0a1507d0-7035-477c-adc1-384313317ab8</subfield>
    <subfield code="s">471931</subfield>
    <subfield code="u">https://digicoll.lib.berkeley.edu/record/207284/files/630.jpeg</subfield>
  </datafield>
  <datafield tag="856" ind1="4" ind2=" ">
    <subfield code="y">GID64</subfield>
    <subfield code="9">9f0ad828-8406-434d-b4d5-945066b88aa2</subfield>
    <subfield code="s">471213</subfield>
    <subfield code="u">https://digicoll.lib.berkeley.edu/record/207284/files/640.jpeg</subfield>
  </datafield>
  <datafield tag="856" ind1="4" ind2=" ">
    <subfield code="y">GID65</subfield>
    <subfield code="9">41152a4f-8f3c-4ae3-a4eb-99a14b5fb9aa</subfield>
    <subfield code="s">584004</subfield>
    <subfield code="u">https://digicoll.lib.berkeley.edu/record/207284/files/650.jpeg</subfield>
  </datafield>
  <datafield tag="856" ind1="4" ind2=" ">
    <subfield code="y">GID66</subfield>
    <subfield code="9">de3fad03-3f45-46c4-b155-501bf821a84c</subfield>
    <subfield code="s">582002</subfield>
    <subfield code="u">https://digicoll.lib.berkeley.edu/record/207284/files/660.jpeg</subfield>
  </datafield>
  <datafield tag="856" ind1="4" ind2=" ">
    <subfield code="y">GID67</subfield>
    <subfield code="9">3a43a228-a420-478c-9cc1-b50dcad51fc6</subfield>
    <subfield code="s">568034</subfield>
    <subfield code="u">https://digicoll.lib.berkeley.edu/record/207284/files/670.jpeg</subfield>
  </datafield>
  <datafield tag="856" ind1="4" ind2=" ">
    <subfield code="y">GID68</subfield>
    <subfield code="9">5d49ec63-110d-4248-b37e-920b8ea6da9c</subfield>
    <subfield code="s">571275</subfield>
    <subfield code="u">https://digicoll.lib.berkeley.edu/record/207284/files/680.jpeg</subfield>
  </datafield>
  <datafield tag="856" ind1="4" ind2=" ">
    <subfield code="y">GID69</subfield>
    <subfield code="9">bc17b800-3f38-4a13-896e-c9bf8541e365</subfield>
    <subfield code="s">571758</subfield>
    <subfield code="u">https://digicoll.lib.berkeley.edu/record/207284/files/690.jpeg</subfield>
  </datafield>
  <datafield tag="856" ind1="4" ind2=" ">
    <subfield code="y">GID70</subfield>
    <subfield code="9">5ddfe24c-43b8-4fc0-86d0-430e0d3f0eb3</subfield>
    <subfield code="s">577359</subfield>
    <subfield code="u">https://digicoll.lib.berkeley.edu/record/207284/files/700.jpeg</subfield>
  </datafield>
  <datafield tag="856" ind1="4" ind2=" ">
    <subfield code="y">GID71</subfield>
    <subfield code="9">b300594a-0c1c-4e10-8073-014afe88fa7e</subfield>
    <subfield code="s">575172</subfield>
    <subfield code="u">https://digicoll.lib.berkeley.edu/record/207284/files/710.jpeg</subfield>
  </datafield>
  <datafield tag="856" ind1="4" ind2=" ">
    <subfield code="y">GID72</subfield>
    <subfield code="9">29908ac8-5257-40fe-986a-612912f02079</subfield>
    <subfield code="s">570481</subfield>
    <subfield code="u">https://digicoll.lib.berkeley.edu/record/207284/files/720.jpeg</subfield>
  </datafield>
  <datafield tag="856" ind1="4" ind2=" ">
    <subfield code="y">GID73</subfield>
    <subfield code="9">2abc7111-00f8-43a6-8390-0553cd4013d6</subfield>
    <subfield code="s">591814</subfield>
    <subfield code="u">https://digicoll.lib.berkeley.edu/record/207284/files/730.jpeg</subfield>
  </datafield>
  <datafield tag="856" ind1="4" ind2=" ">
    <subfield code="y">GID74</subfield>
    <subfield code="9">2ea748ba-5a56-4d4d-9d57-e59befa36eb0</subfield>
    <subfield code="s">597789</subfield>
    <subfield code="u">https://digicoll.lib.berkeley.edu/record/207284/files/740.jpeg</subfield>
  </datafield>
  <datafield tag="856" ind1="4" ind2=" ">
    <subfield code="y">GID75</subfield>
    <subfield code="9">aeabf46d-c70c-4dd2-b1d5-69f0fd509125</subfield>
    <subfield code="s">590928</subfield>
    <subfield code="u">https://digicoll.lib.berkeley.edu/record/207284/files/750.jpeg</subfield>
  </datafield>
  <datafield tag="856" ind1="4" ind2=" ">
    <subfield code="y">GID76</subfield>
    <subfield code="9">5e8e8707-4267-4f45-a0de-52c0c4d6b140</subfield>
    <subfield code="s">599728</subfield>
    <subfield code="u">https://digicoll.lib.berkeley.edu/record/207284/files/760.jpeg</subfield>
  </datafield>
  <datafield tag="856" ind1="4" ind2=" ">
    <subfield code="y">GID77</subfield>
    <subfield code="9">7b72ddbb-1031-4bba-bd91-50c477ddf9da</subfield>
    <subfield code="s">587901</subfield>
    <subfield code="u">https://digicoll.lib.berkeley.edu/record/207284/files/770.jpeg</subfield>
  </datafield>
  <datafield tag="856" ind1="4" ind2=" ">
    <subfield code="y">GID78</subfield>
    <subfield code="9">d58c8f6c-05ad-4fb8-bc32-355257f1bb35</subfield>
    <subfield code="s">589097</subfield>
    <subfield code="u">https://digicoll.lib.berkeley.edu/record/207284/files/780.jpeg</subfield>
  </datafield>
  <datafield tag="856" ind1="4" ind2=" ">
    <subfield code="y">GID79</subfield>
    <subfield code="9">92862f5f-1926-46ff-8b29-9be1d7188fcd</subfield>
    <subfield code="s">568136</subfield>
    <subfield code="u">https://digicoll.lib.berkeley.edu/record/207284/files/790.jpeg</subfield>
  </datafield>
  <datafield tag="856" ind1="4" ind2=" ">
    <subfield code="y">GID80</subfield>
    <subfield code="9">7f180009-5204-43d3-867d-cbde43046f56</subfield>
    <subfield code="s">584679</subfield>
    <subfield code="u">https://digicoll.lib.berkeley.edu/record/207284/files/800.jpeg</subfield>
  </datafield>
  <datafield tag="856" ind1="4" ind2=" ">
    <subfield code="y">GID81</subfield>
    <subfield code="9">ea76c0f6-2b25-40c2-88d9-c386e1ffc871</subfield>
    <subfield code="s">572354</subfield>
    <subfield code="u">https://digicoll.lib.berkeley.edu/record/207284/files/810.jpeg</subfield>
  </datafield>
  <datafield tag="856" ind1="4" ind2=" ">
    <subfield code="y">GID82</subfield>
    <subfield code="9">b04630ac-c0f1-48f9-990a-74718d4c8491</subfield>
    <subfield code="s">482010</subfield>
    <subfield code="u">https://digicoll.lib.berkeley.edu/record/207284/files/820.jpeg</subfield>
  </datafield>
  <datafield tag="856" ind1="4" ind2=" ">
    <subfield code="y">GID83</subfield>
    <subfield code="9">c6f06244-892c-4906-8c10-5fdc69dfa28f</subfield>
    <subfield code="s">482244</subfield>
    <subfield code="u">https://digicoll.lib.berkeley.edu/record/207284/files/830.jpeg</subfield>
  </datafield>
  <datafield tag="856" ind1="4" ind2=" ">
    <subfield code="y">GID84</subfield>
    <subfield code="9">c1aa7a63-e8e4-4e9c-aced-079808326f12</subfield>
    <subfield code="s">564751</subfield>
    <subfield code="u">https://digicoll.lib.berkeley.edu/record/207284/files/840.jpeg</subfield>
  </datafield>
  <datafield tag="856" ind1="4" ind2=" ">
    <subfield code="y">GID85</subfield>
    <subfield code="9">f1d5ffe5-a327-4fde-b492-b75e8f50b60f</subfield>
    <subfield code="s">572992</subfield>
    <subfield code="u">https://digicoll.lib.berkeley.edu/record/207284/files/850.jpeg</subfield>
  </datafield>
  <datafield tag="856" ind1="4" ind2=" ">
    <subfield code="y">GID86</subfield>
    <subfield code="9">01fd792e-f8ec-44c1-9296-c5784de7dffa</subfield>
    <subfield code="s">586511</subfield>
    <subfield code="u">https://digicoll.lib.berkeley.edu/record/207284/files/860.jpeg</subfield>
  </datafield>
  <datafield tag="856" ind1="4" ind2=" ">
    <subfield code="y">GID87</subfield>
    <subfield code="9">a70f36ed-5faf-4c58-b976-5e7bfddc0d57</subfield>
    <subfield code="s">565060</subfield>
    <subfield code="u">https://digicoll.lib.berkeley.edu/record/207284/files/870.jpeg</subfield>
  </datafield>
  <datafield tag="856" ind1="4" ind2=" ">
    <subfield code="y">GID88</subfield>
    <subfield code="9">6f91297f-d584-4bde-98ee-8ab2977ddda9</subfield>
    <subfield code="s">578732</subfield>
    <subfield code="u">https://digicoll.lib.berkeley.edu/record/207284/files/880.jpeg</subfield>
  </datafield>
  <datafield tag="856" ind1="4" ind2=" ">
    <subfield code="y">GID89</subfield>
    <subfield code="9">61b8e0d5-94de-4d39-9470-dd044ae2ed38</subfield>
    <subfield code="s">586967</subfield>
    <subfield code="u">https://digicoll.lib.berkeley.edu/record/207284/files/890.jpeg</subfield>
  </datafield>
  <datafield tag="856" ind1="4" ind2=" ">
    <subfield code="y">GID90</subfield>
    <subfield code="9">54a049a1-a180-430b-b810-0d0deee62bdc</subfield>
    <subfield code="s">575117</subfield>
    <subfield code="u">https://digicoll.lib.berkeley.edu/record/207284/files/900.jpeg</subfield>
  </datafield>
  <datafield tag="856" ind1="4" ind2=" ">
    <subfield code="y">GID91</subfield>
    <subfield code="9">6f8f11a2-e84a-45f9-9b40-66577992857e</subfield>
    <subfield code="s">566012</subfield>
    <subfield code="u">https://digicoll.lib.berkeley.edu/record/207284/files/910.jpeg</subfield>
  </datafield>
  <datafield tag="856" ind1="4" ind2=" ">
    <subfield code="y">GID92</subfield>
    <subfield code="9">47b104e4-fca6-417f-9689-e17b9d8e00ff</subfield>
    <subfield code="s">572594</subfield>
    <subfield code="u">https://digicoll.lib.berkeley.edu/record/207284/files/920.jpeg</subfield>
  </datafield>
  <datafield tag="856" ind1="4" ind2=" ">
    <subfield code="y">GID93</subfield>
    <subfield code="9">d57be9df-4c09-44dd-bc92-f8cc18024c15</subfield>
    <subfield code="s">562878</subfield>
    <subfield code="u">https://digicoll.lib.berkeley.edu/record/207284/files/930.jpeg</subfield>
  </datafield>
  <datafield tag="856" ind1="4" ind2=" ">
    <subfield code="y">GID94</subfield>
    <subfield code="9">52bffd0f-6704-4098-81ef-e8addbfcd161</subfield>
    <subfield code="s">562600</subfield>
    <subfield code="u">https://digicoll.lib.berkeley.edu/record/207284/files/940.jpeg</subfield>
  </datafield>
  <datafield tag="856" ind1="4" ind2=" ">
    <subfield code="y">GID95</subfield>
    <subfield code="9">9ffd3b42-75fd-4b03-b37d-303c1792ec8d</subfield>
    <subfield code="s">560972</subfield>
    <subfield code="u">https://digicoll.lib.berkeley.edu/record/207284/files/950.jpeg</subfield>
  </datafield>
  <datafield tag="856" ind1="4" ind2=" ">
    <subfield code="y">GID96</subfield>
    <subfield code="9">15a29b41-f146-4e97-8821-1a63c52b2ee8</subfield>
    <subfield code="s">529154</subfield>
    <subfield code="u">https://digicoll.lib.berkeley.edu/record/207284/files/960.jpeg</subfield>
  </datafield>
  <datafield tag="856" ind1="4" ind2=" ">
    <subfield code="y">GID97</subfield>
    <subfield code="9">ac1bf20b-d06e-4ed5-b8bb-1083a6e088a5</subfield>
    <subfield code="s">529035</subfield>
    <subfield code="u">https://digicoll.lib.berkeley.edu/record/207284/files/970.jpeg</subfield>
  </datafield>
  <datafield tag="856" ind1="4" ind2=" ">
    <subfield code="y">GID98</subfield>
    <subfield code="9">cb095a00-b6f5-42c8-ad67-9b1cee6e2c22</subfield>
    <subfield code="s">573858</subfield>
    <subfield code="u">https://digicoll.lib.berkeley.edu/record/207284/files/980.jpeg</subfield>
  </datafield>
  <datafield tag="856" ind1="4" ind2=" ">
    <subfield code="y">GID99</subfield>
    <subfield code="9">17073265-a4e1-4c63-a15f-71041794fb1c</subfield>
    <subfield code="s">570175</subfield>
    <subfield code="u">https://digicoll.lib.berkeley.edu/record/207284/files/990.jpeg</subfield>
  </datafield>
  <datafield tag="856" ind1="4" ind2=" ">
    <subfield code="y">GID100</subfield>
    <subfield code="9">f54cfaa7-2e3a-4525-afd9-2d22fb2d1dce</subfield>
    <subfield code="s">576676</subfield>
    <subfield code="u">https://digicoll.lib.berkeley.edu/record/207284/files/1000.jpeg</subfield>
  </datafield>
  <datafield tag="856" ind1="4" ind2=" ">
    <subfield code="y">GID101</subfield>
    <subfield code="9">71d46f40-b355-42d8-8037-2c5cc5800aba</subfield>
    <subfield code="s">572217</subfield>
    <subfield code="u">https://digicoll.lib.berkeley.edu/record/207284/files/1010.jpeg</subfield>
  </datafield>
  <datafield tag="856" ind1="4" ind2=" ">
    <subfield code="y">GID102</subfield>
    <subfield code="9">836a0746-f110-40d5-8b5e-494be7454196</subfield>
    <subfield code="s">577062</subfield>
    <subfield code="u">https://digicoll.lib.berkeley.edu/record/207284/files/1020.jpeg</subfield>
  </datafield>
  <datafield tag="856" ind1="4" ind2=" ">
    <subfield code="y">GID103</subfield>
    <subfield code="9">47d6894d-54f2-4cbd-a85e-377858a08747</subfield>
    <subfield code="s">591776</subfield>
    <subfield code="u">https://digicoll.lib.berkeley.edu/record/207284/files/1030.jpeg</subfield>
  </datafield>
  <datafield tag="856" ind1="4" ind2=" ">
    <subfield code="y">GID104</subfield>
    <subfield code="9">6231f97d-5596-4a24-90d9-5be12ecf26e6</subfield>
    <subfield code="s">563920</subfield>
    <subfield code="u">https://digicoll.lib.berkeley.edu/record/207284/files/1040.jpeg</subfield>
  </datafield>
  <datafield tag="856" ind1="4" ind2=" ">
    <subfield code="y">GID105</subfield>
    <subfield code="9">e7c702bf-c1a4-4662-bbd3-c04ff2f29441</subfield>
    <subfield code="s">552549</subfield>
    <subfield code="u">https://digicoll.lib.berkeley.edu/record/207284/files/1050.jpeg</subfield>
  </datafield>
  <datafield tag="856" ind1="4" ind2=" ">
    <subfield code="y">GID106</subfield>
    <subfield code="9">7b940641-abd2-43cd-b71b-b4f9d6e997ad</subfield>
    <subfield code="s">575385</subfield>
    <subfield code="u">https://digicoll.lib.berkeley.edu/record/207284/files/1060.jpeg</subfield>
  </datafield>
  <datafield tag="856" ind1="4" ind2=" ">
    <subfield code="y">GID107</subfield>
    <subfield code="9">2c530645-5103-45fb-a165-e74cfcdc0552</subfield>
    <subfield code="s">571818</subfield>
    <subfield code="u">https://digicoll.lib.berkeley.edu/record/207284/files/1070.jpeg</subfield>
  </datafield>
  <datafield tag="856" ind1="4" ind2=" ">
    <subfield code="y">GID108</subfield>
    <subfield code="9">8811a682-289c-448b-85e3-37d42d98e59a</subfield>
    <subfield code="s">539471</subfield>
    <subfield code="u">https://digicoll.lib.berkeley.edu/record/207284/files/1080.jpeg</subfield>
  </datafield>
  <datafield tag="856" ind1="4" ind2=" ">
    <subfield code="y">GID109</subfield>
    <subfield code="9">826eab6b-599b-4984-999a-3852df6f0446</subfield>
    <subfield code="s">582339</subfield>
    <subfield code="u">https://digicoll.lib.berkeley.edu/record/207284/files/1090.jpeg</subfield>
  </datafield>
  <datafield tag="856" ind1="4" ind2=" ">
    <subfield code="y">GID110</subfield>
    <subfield code="9">95d6a1a9-e39d-4bb6-afb7-591eff1524ff</subfield>
    <subfield code="s">576471</subfield>
    <subfield code="u">https://digicoll.lib.berkeley.edu/record/207284/files/1100.jpeg</subfield>
  </datafield>
  <datafield tag="856" ind1="4" ind2=" ">
    <subfield code="y">GID111</subfield>
    <subfield code="9">b4efdca1-8063-4bd6-9599-54b4b923af55</subfield>
    <subfield code="s">633968</subfield>
    <subfield code="u">https://digicoll.lib.berkeley.edu/record/207284/files/1110.jpeg</subfield>
  </datafield>
  <datafield tag="856" ind1="4" ind2=" ">
    <subfield code="y">GID112</subfield>
    <subfield code="9">81b75de4-da4c-4857-b481-b8dfbda2c544</subfield>
    <subfield code="s">647346</subfield>
    <subfield code="u">https://digicoll.lib.berkeley.edu/record/207284/files/1120.jpeg</subfield>
  </datafield>
  <datafield tag="856" ind1="4" ind2=" ">
    <subfield code="y">GID113</subfield>
    <subfield code="9">9fea3404-4cbf-4309-9d1d-6b9c126be272</subfield>
    <subfield code="s">564478</subfield>
    <subfield code="u">https://digicoll.lib.berkeley.edu/record/207284/files/1130.jpeg</subfield>
  </datafield>
  <datafield tag="856" ind1="4" ind2=" ">
    <subfield code="y">GID114</subfield>
    <subfield code="9">5b0b8e1f-04ae-46ba-bb23-73ac2b25bd51</subfield>
    <subfield code="s">413458</subfield>
    <subfield code="u">https://digicoll.lib.berkeley.edu/record/207284/files/1140.jpeg</subfield>
  </datafield>
  <datafield tag="856" ind1="4" ind2=" ">
    <subfield code="y">GID115</subfield>
    <subfield code="9">8a0f6c19-df3f-4811-90a2-6f4547a32620</subfield>
    <subfield code="s">575722</subfield>
    <subfield code="u">https://digicoll.lib.berkeley.edu/record/207284/files/1150.jpeg</subfield>
  </datafield>
  <datafield tag="856" ind1="4" ind2=" ">
    <subfield code="y">GID116</subfield>
    <subfield code="9">9c7d4819-ab6c-4fcf-8ffe-376018751bc9</subfield>
    <subfield code="s">576744</subfield>
    <subfield code="u">https://digicoll.lib.berkeley.edu/record/207284/files/1160.jpeg</subfield>
  </datafield>
  <datafield tag="856" ind1="4" ind2=" ">
    <subfield code="y">GID117</subfield>
    <subfield code="9">32d27713-fd97-4438-9256-8e72e386cbf4</subfield>
    <subfield code="s">564654</subfield>
    <subfield code="u">https://digicoll.lib.berkeley.edu/record/207284/files/1170.jpeg</subfield>
  </datafield>
  <datafield tag="856" ind1="4" ind2=" ">
    <subfield code="y">GID118</subfield>
    <subfield code="9">cc094eaa-745c-4b0e-9f7f-3da5048c8891</subfield>
    <subfield code="s">559249</subfield>
    <subfield code="u">https://digicoll.lib.berkeley.edu/record/207284/files/1180.jpeg</subfield>
  </datafield>
  <datafield tag="856" ind1="4" ind2=" ">
    <subfield code="y">GID119</subfield>
    <subfield code="9">5090ac4b-2639-41a6-bfdd-e2583b1aecf4</subfield>
    <subfield code="s">546460</subfield>
    <subfield code="u">https://digicoll.lib.berkeley.edu/record/207284/files/1190.jpeg</subfield>
  </datafield>
  <datafield tag="856" ind1="4" ind2=" ">
    <subfield code="y">GID120</subfield>
    <subfield code="9">69126e58-bfd2-481c-a426-c5878f17e1c5</subfield>
    <subfield code="s">566162</subfield>
    <subfield code="u">https://digicoll.lib.berkeley.edu/record/207284/files/1200.jpeg</subfield>
  </datafield>
  <datafield tag="856" ind1="4" ind2=" ">
    <subfield code="y">GID121</subfield>
    <subfield code="9">fa32f25b-826d-4f95-9863-3c539b96123f</subfield>
    <subfield code="s">535999</subfield>
    <subfield code="u">https://digicoll.lib.berkeley.edu/record/207284/files/1210.jpeg</subfield>
  </datafield>
  <datafield tag="856" ind1="4" ind2=" ">
    <subfield code="y">GID122</subfield>
    <subfield code="9">ec4bdeac-6212-4cd2-9857-57bd94f67c04</subfield>
    <subfield code="s">584980</subfield>
    <subfield code="u">https://digicoll.lib.berkeley.edu/record/207284/files/1220.jpeg</subfield>
  </datafield>
  <datafield tag="856" ind1="4" ind2=" ">
    <subfield code="y">GID123</subfield>
    <subfield code="9">2486abd8-8c37-4115-a2c1-eae2d02e8ce4</subfield>
    <subfield code="s">595430</subfield>
    <subfield code="u">https://digicoll.lib.berkeley.edu/record/207284/files/1230.jpeg</subfield>
  </datafield>
  <datafield tag="856" ind1="4" ind2=" ">
    <subfield code="y">GID124</subfield>
    <subfield code="9">86d44b82-1372-4cde-b398-f89d35b95fcf</subfield>
    <subfield code="s">556106</subfield>
    <subfield code="u">https://digicoll.lib.berkeley.edu/record/207284/files/1240.jpeg</subfield>
  </datafield>
  <datafield tag="856" ind1="4" ind2=" ">
    <subfield code="y">GID125</subfield>
    <subfield code="9">119cc45d-c344-43a5-928b-a8ba304cf6bb</subfield>
    <subfield code="s">552621</subfield>
    <subfield code="u">https://digicoll.lib.berkeley.edu/record/207284/files/1250.jpeg</subfield>
  </datafield>
  <datafield tag="856" ind1="4" ind2=" ">
    <subfield code="y">GID126</subfield>
    <subfield code="9">975d3523-63ad-43a0-b42b-558bb83bc86d</subfield>
    <subfield code="s">528546</subfield>
    <subfield code="u">https://digicoll.lib.berkeley.edu/record/207284/files/1260.jpeg</subfield>
  </datafield>
  <datafield tag="856" ind1="4" ind2=" ">
    <subfield code="y">GID127</subfield>
    <subfield code="9">d05f9692-71e9-4a40-a93c-a16c10bbc5d8</subfield>
    <subfield code="s">553789</subfield>
    <subfield code="u">https://digicoll.lib.berkeley.edu/record/207284/files/1270.jpeg</subfield>
  </datafield>
  <datafield tag="856" ind1="4" ind2=" ">
    <subfield code="y">GID128</subfield>
    <subfield code="9">116c5b30-ea63-4d50-b041-b27a63c70ebf</subfield>
    <subfield code="s">560208</subfield>
    <subfield code="u">https://digicoll.lib.berkeley.edu/record/207284/files/1280.jpeg</subfield>
  </datafield>
  <datafield tag="856" ind1="4" ind2=" ">
    <subfield code="y">GID129</subfield>
    <subfield code="9">ad7f0750-8f17-4b47-b338-926eec6b6fd7</subfield>
    <subfield code="s">598965</subfield>
    <subfield code="u">https://digicoll.lib.berkeley.edu/record/207284/files/1290.jpeg</subfield>
  </datafield>
  <datafield tag="856" ind1="4" ind2=" ">
    <subfield code="y">GID130</subfield>
    <subfield code="9">c1ebc97f-b14c-4085-bbe4-ee788dbf5831</subfield>
    <subfield code="s">607626</subfield>
    <subfield code="u">https://digicoll.lib.berkeley.edu/record/207284/files/1300.jpeg</subfield>
  </datafield>
  <datafield tag="856" ind1="4" ind2=" ">
    <subfield code="y">GID131</subfield>
    <subfield code="9">92434a3a-e52a-41e8-a6b1-0c3471218a5b</subfield>
    <subfield code="s">580259</subfield>
    <subfield code="u">https://digicoll.lib.berkeley.edu/record/207284/files/1310.jpeg</subfield>
  </datafield>
  <datafield tag="856" ind1="4" ind2=" ">
    <subfield code="y">GID132</subfield>
    <subfield code="9">7aa748f7-73a5-4021-9179-05f4b95546bd</subfield>
    <subfield code="s">550756</subfield>
    <subfield code="u">https://digicoll.lib.berkeley.edu/record/207284/files/1320.jpeg</subfield>
  </datafield>
  <datafield tag="856" ind1="4" ind2=" ">
    <subfield code="y">GID133</subfield>
    <subfield code="9">f37fce0e-21a0-42e2-8663-9ef25a9270ea</subfield>
    <subfield code="s">487476</subfield>
    <subfield code="u">https://digicoll.lib.berkeley.edu/record/207284/files/1330.jpeg</subfield>
  </datafield>
  <datafield tag="856" ind1="4" ind2=" ">
    <subfield code="y">GID134</subfield>
    <subfield code="9">2e96b2c4-9314-4a63-b74a-e1a3984b2c49</subfield>
    <subfield code="s">487859</subfield>
    <subfield code="u">https://digicoll.lib.berkeley.edu/record/207284/files/1340.jpeg</subfield>
  </datafield>
  <datafield tag="856" ind1="4" ind2=" ">
    <subfield code="y">GID135</subfield>
    <subfield code="9">fbd7ae07-9b1a-48cc-8f12-ccd3d7fee7ce</subfield>
    <subfield code="s">601375</subfield>
    <subfield code="u">https://digicoll.lib.berkeley.edu/record/207284/files/1350.jpeg</subfield>
  </datafield>
  <datafield tag="856" ind1="4" ind2=" ">
    <subfield code="y">GID136</subfield>
    <subfield code="9">6e8ab244-44a2-41b0-8a7c-111874e5fc99</subfield>
    <subfield code="s">598515</subfield>
    <subfield code="u">https://digicoll.lib.berkeley.edu/record/207284/files/1360.jpeg</subfield>
  </datafield>
  <datafield tag="856" ind1="4" ind2=" ">
    <subfield code="y">GID137</subfield>
    <subfield code="9">65196b4c-841b-4bb1-b44a-e0e8709b79a1</subfield>
    <subfield code="s">595479</subfield>
    <subfield code="u">https://digicoll.lib.berkeley.edu/record/207284/files/1370.jpeg</subfield>
  </datafield>
  <datafield tag="856" ind1="4" ind2=" ">
    <subfield code="y">GID138</subfield>
    <subfield code="9">70a70f23-52e3-41c0-8fd2-5eb64488a15d</subfield>
    <subfield code="s">582860</subfield>
    <subfield code="u">https://digicoll.lib.berkeley.edu/record/207284/files/1380.jpeg</subfield>
  </datafield>
  <datafield tag="856" ind1="4" ind2=" ">
    <subfield code="y">GID139</subfield>
    <subfield code="9">cf2029db-947c-487f-9fcc-8d719692e011</subfield>
    <subfield code="s">599857</subfield>
    <subfield code="u">https://digicoll.lib.berkeley.edu/record/207284/files/1390.jpeg</subfield>
  </datafield>
  <datafield tag="856" ind1="4" ind2=" ">
    <subfield code="y">GID140</subfield>
    <subfield code="9">7f1c1789-016f-4346-86eb-1d091f0e9a72</subfield>
    <subfield code="s">585309</subfield>
    <subfield code="u">https://digicoll.lib.berkeley.edu/record/207284/files/1400.jpeg</subfield>
  </datafield>
  <datafield tag="856" ind1="4" ind2=" ">
    <subfield code="y">GID141</subfield>
    <subfield code="9">a6da7fba-a23e-4b40-ab0e-a20e04832316</subfield>
    <subfield code="s">589005</subfield>
    <subfield code="u">https://digicoll.lib.berkeley.edu/record/207284/files/1410.jpeg</subfield>
  </datafield>
  <datafield tag="856" ind1="4" ind2=" ">
    <subfield code="y">GID142</subfield>
    <subfield code="9">0c72d7d1-d339-452e-9bbb-86427535637a</subfield>
    <subfield code="s">581496</subfield>
    <subfield code="u">https://digicoll.lib.berkeley.edu/record/207284/files/1420.jpeg</subfield>
  </datafield>
  <datafield tag="856" ind1="4" ind2=" ">
    <subfield code="y">GID143</subfield>
    <subfield code="9">03fab671-7e7b-4192-b818-8e1b28faa67d</subfield>
    <subfield code="s">595166</subfield>
    <subfield code="u">https://digicoll.lib.berkeley.edu/record/207284/files/1430.jpeg</subfield>
  </datafield>
  <datafield tag="856" ind1="4" ind2=" ">
    <subfield code="y">GID144</subfield>
    <subfield code="9">f2d1d45c-ccd6-4587-b843-0715a1478794</subfield>
    <subfield code="s">578037</subfield>
    <subfield code="u">https://digicoll.lib.berkeley.edu/record/207284/files/1440.jpeg</subfield>
  </datafield>
  <datafield tag="856" ind1="4" ind2=" ">
    <subfield code="y">GID145</subfield>
    <subfield code="9">585f15df-7903-4818-a85a-3e299b7d2e98</subfield>
    <subfield code="s">581533</subfield>
    <subfield code="u">https://digicoll.lib.berkeley.edu/record/207284/files/1450.jpeg</subfield>
  </datafield>
  <datafield tag="856" ind1="4" ind2=" ">
    <subfield code="y">GID146</subfield>
    <subfield code="9">2bc502ed-ef8c-4895-b680-74da31b8c82f</subfield>
    <subfield code="s">595003</subfield>
    <subfield code="u">https://digicoll.lib.berkeley.edu/record/207284/files/1460.jpeg</subfield>
  </datafield>
  <datafield tag="856" ind1="4" ind2=" ">
    <subfield code="y">GID147</subfield>
    <subfield code="9">0868701b-b0ae-4dfb-b59b-65774a665019</subfield>
    <subfield code="s">545190</subfield>
    <subfield code="u">https://digicoll.lib.berkeley.edu/record/207284/files/1470.jpeg</subfield>
  </datafield>
  <datafield tag="856" ind1="4" ind2=" ">
    <subfield code="y">GID148</subfield>
    <subfield code="9">f81f5772-ce6a-4e5a-95a9-89930b26d1b7</subfield>
    <subfield code="s">561913</subfield>
    <subfield code="u">https://digicoll.lib.berkeley.edu/record/207284/files/1480.jpeg</subfield>
  </datafield>
  <datafield tag="856" ind1="4" ind2=" ">
    <subfield code="y">GID149</subfield>
    <subfield code="9">d13ee285-0292-483c-843a-a2c7e9948465</subfield>
    <subfield code="s">559402</subfield>
    <subfield code="u">https://digicoll.lib.berkeley.edu/record/207284/files/1490.jpeg</subfield>
  </datafield>
  <datafield tag="856" ind1="4" ind2=" ">
    <subfield code="y">GID150</subfield>
    <subfield code="9">3fa71bca-493d-4cb1-90a6-12ae8b75ee14</subfield>
    <subfield code="s">582415</subfield>
    <subfield code="u">https://digicoll.lib.berkeley.edu/record/207284/files/1500.jpeg</subfield>
  </datafield>
  <datafield tag="856" ind1="4" ind2=" ">
    <subfield code="y">GID151</subfield>
    <subfield code="9">99433432-3b47-4c74-ba48-3a5ef61a9a9b</subfield>
    <subfield code="s">588243</subfield>
    <subfield code="u">https://digicoll.lib.berkeley.edu/record/207284/files/1510.jpeg</subfield>
  </datafield>
  <datafield tag="856" ind1="4" ind2=" ">
    <subfield code="y">GID152</subfield>
    <subfield code="9">e444c6f8-7187-4cd8-a084-d41dc2771b5e</subfield>
    <subfield code="s">554678</subfield>
    <subfield code="u">https://digicoll.lib.berkeley.edu/record/207284/files/1520.jpeg</subfield>
  </datafield>
  <datafield tag="856" ind1="4" ind2=" ">
    <subfield code="y">GID153</subfield>
    <subfield code="9">d1b8a254-061f-4227-a395-8e6d5b00ae2e</subfield>
    <subfield code="s">484808</subfield>
    <subfield code="u">https://digicoll.lib.berkeley.edu/record/207284/files/1530.jpeg</subfield>
  </datafield>
  <datafield tag="856" ind1="4" ind2=" ">
    <subfield code="y">GID154</subfield>
    <subfield code="9">b1fea311-d345-408d-a520-6825648b6caf</subfield>
    <subfield code="s">598292</subfield>
    <subfield code="u">https://digicoll.lib.berkeley.edu/record/207284/files/1540.jpeg</subfield>
  </datafield>
  <datafield tag="856" ind1="4" ind2=" ">
    <subfield code="y">GID155</subfield>
    <subfield code="9">9e789de7-7c88-463b-9e69-00bf809bda1b</subfield>
    <subfield code="s">589074</subfield>
    <subfield code="u">https://digicoll.lib.berkeley.edu/record/207284/files/1550.jpeg</subfield>
  </datafield>
  <datafield tag="856" ind1="4" ind2=" ">
    <subfield code="y">GID156</subfield>
    <subfield code="9">3534d0dc-166e-447e-a449-c3327c80e7d0</subfield>
    <subfield code="s">515254</subfield>
    <subfield code="u">https://digicoll.lib.berkeley.edu/record/207284/files/1560.jpeg</subfield>
  </datafield>
  <datafield tag="856" ind1="4" ind2=" ">
    <subfield code="y">GID157</subfield>
    <subfield code="9">bc684c1e-08a0-4809-a3ce-b28b03e72317</subfield>
    <subfield code="s">545106</subfield>
    <subfield code="u">https://digicoll.lib.berkeley.edu/record/207284/files/1570.jpeg</subfield>
  </datafield>
  <datafield tag="856" ind1="4" ind2=" ">
    <subfield code="y">GID158</subfield>
    <subfield code="9">d34598a8-2504-43a1-b237-f5989ab6c18d</subfield>
    <subfield code="s">544882</subfield>
    <subfield code="u">https://digicoll.lib.berkeley.edu/record/207284/files/1580.jpeg</subfield>
  </datafield>
  <datafield tag="856" ind1="4" ind2=" ">
    <subfield code="y">GID159</subfield>
    <subfield code="9">7941997f-8984-4a7d-86e7-16708eb0deb2</subfield>
    <subfield code="s">605149</subfield>
    <subfield code="u">https://digicoll.lib.berkeley.edu/record/207284/files/1590.jpeg</subfield>
  </datafield>
  <datafield tag="856" ind1="4" ind2=" ">
    <subfield code="y">GID160</subfield>
    <subfield code="9">e8bc4418-f3f7-49ac-b2be-c52fb4292168</subfield>
    <subfield code="s">601190</subfield>
    <subfield code="u">https://digicoll.lib.berkeley.edu/record/207284/files/1600.jpeg</subfield>
  </datafield>
  <datafield tag="856" ind1="4" ind2=" ">
    <subfield code="y">GID161</subfield>
    <subfield code="9">a961a3a6-0077-4395-b985-78e6d711196b</subfield>
    <subfield code="s">582148</subfield>
    <subfield code="u">https://digicoll.lib.berkeley.edu/record/207284/files/1610.jpeg</subfield>
  </datafield>
  <datafield tag="856" ind1="4" ind2=" ">
    <subfield code="y">GID162</subfield>
    <subfield code="9">84573e44-9af5-45e8-a1a0-c176c8ed8dbc</subfield>
    <subfield code="s">594511</subfield>
    <subfield code="u">https://digicoll.lib.berkeley.edu/record/207284/files/1620.jpeg</subfield>
  </datafield>
  <datafield tag="856" ind1="4" ind2=" ">
    <subfield code="y">GID163</subfield>
    <subfield code="9">02d29d05-8380-4bf2-8013-361d2c42155d</subfield>
    <subfield code="s">600483</subfield>
    <subfield code="u">https://digicoll.lib.berkeley.edu/record/207284/files/1630.jpeg</subfield>
  </datafield>
  <datafield tag="856" ind1="4" ind2=" ">
    <subfield code="y">GID164</subfield>
    <subfield code="9">9c9854ff-aafa-44a6-b6c6-2723c1d4a34a</subfield>
    <subfield code="s">612406</subfield>
    <subfield code="u">https://digicoll.lib.berkeley.edu/record/207284/files/1640.jpeg</subfield>
  </datafield>
  <datafield tag="856" ind1="4" ind2=" ">
    <subfield code="y">GID165</subfield>
    <subfield code="9">36aff571-0332-4834-8056-3f12be89adad</subfield>
    <subfield code="s">578302</subfield>
    <subfield code="u">https://digicoll.lib.berkeley.edu/record/207284/files/1650.jpeg</subfield>
  </datafield>
  <datafield tag="856" ind1="4" ind2=" ">
    <subfield code="y">GID166</subfield>
    <subfield code="9">2f41272f-a2b2-486c-8ed8-d650328264be</subfield>
    <subfield code="s">571495</subfield>
    <subfield code="u">https://digicoll.lib.berkeley.edu/record/207284/files/1660.jpeg</subfield>
  </datafield>
  <datafield tag="856" ind1="4" ind2=" ">
    <subfield code="y">GID167</subfield>
    <subfield code="9">d1b470b7-68ec-47fe-a20a-42edaf939df6</subfield>
    <subfield code="s">617838</subfield>
    <subfield code="u">https://digicoll.lib.berkeley.edu/record/207284/files/1670.jpeg</subfield>
  </datafield>
  <datafield tag="856" ind1="4" ind2=" ">
    <subfield code="y">GID168</subfield>
    <subfield code="9">bc2db463-f4a7-4b8f-b791-1c1514257fc2</subfield>
    <subfield code="s">599725</subfield>
    <subfield code="u">https://digicoll.lib.berkeley.edu/record/207284/files/1680.jpeg</subfield>
  </datafield>
  <datafield tag="856" ind1="4" ind2=" ">
    <subfield code="y">GID169</subfield>
    <subfield code="9">a0f99764-ec74-4c8e-992c-b2e9babfcc77</subfield>
    <subfield code="s">502424</subfield>
    <subfield code="u">https://digicoll.lib.berkeley.edu/record/207284/files/1690.jpeg</subfield>
  </datafield>
  <datafield tag="856" ind1="4" ind2=" ">
    <subfield code="y">GID170</subfield>
    <subfield code="9">837d8247-9f65-47cb-8f20-93cc5807b697</subfield>
    <subfield code="s">474938</subfield>
    <subfield code="u">https://digicoll.lib.berkeley.edu/record/207284/files/1700.jpeg</subfield>
  </datafield>
  <datafield tag="856" ind1="4" ind2=" ">
    <subfield code="y">GID171</subfield>
    <subfield code="9">9b72ed20-2873-4032-a920-ac9e36bacea7</subfield>
    <subfield code="s">583642</subfield>
    <subfield code="u">https://digicoll.lib.berkeley.edu/record/207284/files/1710.jpeg</subfield>
  </datafield>
  <datafield tag="856" ind1="4" ind2=" ">
    <subfield code="y">GID172</subfield>
    <subfield code="9">6a9d0548-6e12-44d6-8d3a-e73b334a5114</subfield>
    <subfield code="s">574303</subfield>
    <subfield code="u">https://digicoll.lib.berkeley.edu/record/207284/files/1720.jpeg</subfield>
  </datafield>
  <datafield tag="856" ind1="4" ind2=" ">
    <subfield code="y">GID173</subfield>
    <subfield code="9">0e4a7bb8-dfd2-453d-8497-47d7ea69b0c0</subfield>
    <subfield code="s">571670</subfield>
    <subfield code="u">https://digicoll.lib.berkeley.edu/record/207284/files/1730.jpeg</subfield>
  </datafield>
  <datafield tag="856" ind1="4" ind2=" ">
    <subfield code="y">GID174</subfield>
    <subfield code="9">05d91463-eb65-4818-9b94-4513313c04f9</subfield>
    <subfield code="s">600110</subfield>
    <subfield code="u">https://digicoll.lib.berkeley.edu/record/207284/files/1740.jpeg</subfield>
  </datafield>
  <datafield tag="856" ind1="4" ind2=" ">
    <subfield code="y">GID175</subfield>
    <subfield code="9">8e562f08-38de-4bb6-b464-77a894b9ea59</subfield>
    <subfield code="s">591949</subfield>
    <subfield code="u">https://digicoll.lib.berkeley.edu/record/207284/files/1750.jpeg</subfield>
  </datafield>
  <datafield tag="856" ind1="4" ind2=" ">
    <subfield code="y">GID176</subfield>
    <subfield code="9">31f07855-4fa6-4c72-b4b1-8869bb889d8b</subfield>
    <subfield code="s">588652</subfield>
    <subfield code="u">https://digicoll.lib.berkeley.edu/record/207284/files/1760.jpeg</subfield>
  </datafield>
  <datafield tag="856" ind1="4" ind2=" ">
    <subfield code="y">GID177</subfield>
    <subfield code="9">9fbc4ad4-0e4e-4102-a21e-c74f2b90213e</subfield>
    <subfield code="s">611913</subfield>
    <subfield code="u">https://digicoll.lib.berkeley.edu/record/207284/files/1770.jpeg</subfield>
  </datafield>
  <datafield tag="856" ind1="4" ind2=" ">
    <subfield code="y">GID178</subfield>
    <subfield code="9">c8d6c593-3beb-4654-95df-f1fdf75c5043</subfield>
    <subfield code="s">587166</subfield>
    <subfield code="u">https://digicoll.lib.berkeley.edu/record/207284/files/1780.jpeg</subfield>
  </datafield>
  <datafield tag="856" ind1="4" ind2=" ">
    <subfield code="y">GID179</subfield>
    <subfield code="9">84789999-b1b8-4637-8dcb-6f4418a14953</subfield>
    <subfield code="s">596933</subfield>
    <subfield code="u">https://digicoll.lib.berkeley.edu/record/207284/files/1790.jpeg</subfield>
  </datafield>
  <datafield tag="856" ind1="4" ind2=" ">
    <subfield code="y">GID180</subfield>
    <subfield code="9">12b84948-108a-420c-97bc-7b749972d7d8</subfield>
    <subfield code="s">549449</subfield>
    <subfield code="u">https://digicoll.lib.berkeley.edu/record/207284/files/1800.jpeg</subfield>
  </datafield>
  <datafield tag="856" ind1="4" ind2=" ">
    <subfield code="y">GID181</subfield>
    <subfield code="9">f0045f4b-a565-4da9-a6e8-aeae2015414a</subfield>
    <subfield code="s">568041</subfield>
    <subfield code="u">https://digicoll.lib.berkeley.edu/record/207284/files/1810.jpeg</subfield>
  </datafield>
  <datafield tag="856" ind1="4" ind2=" ">
    <subfield code="y">GID182</subfield>
    <subfield code="9">40568a88-2840-4422-9e85-2d9026962569</subfield>
    <subfield code="s">559956</subfield>
    <subfield code="u">https://digicoll.lib.berkeley.edu/record/207284/files/1820.jpeg</subfield>
  </datafield>
  <datafield tag="856" ind1="4" ind2=" ">
    <subfield code="y">GID183</subfield>
    <subfield code="9">a3dca9dd-c7cb-4a1b-bd87-f88e4bdc7045</subfield>
    <subfield code="s">562042</subfield>
    <subfield code="u">https://digicoll.lib.berkeley.edu/record/207284/files/1830.jpeg</subfield>
  </datafield>
  <datafield tag="856" ind1="4" ind2=" ">
    <subfield code="y">GID184</subfield>
    <subfield code="9">42006542-755a-43f6-b13b-ca4acf1bbb6a</subfield>
    <subfield code="s">565250</subfield>
    <subfield code="u">https://digicoll.lib.berkeley.edu/record/207284/files/1840.jpeg</subfield>
  </datafield>
  <datafield tag="856" ind1="4" ind2=" ">
    <subfield code="y">GID185</subfield>
    <subfield code="9">2f486e65-7f58-414c-b183-b25a7c1cddfc</subfield>
    <subfield code="s">566663</subfield>
    <subfield code="u">https://digicoll.lib.berkeley.edu/record/207284/files/1850.jpeg</subfield>
  </datafield>
  <datafield tag="856" ind1="4" ind2=" ">
    <subfield code="y">GID186</subfield>
    <subfield code="9">f4dccc88-e6b7-45e3-be4d-95fce0c357e0</subfield>
    <subfield code="s">357719</subfield>
    <subfield code="u">https://digicoll.lib.berkeley.edu/record/207284/files/1860.jpeg</subfield>
  </datafield>
  <datafield tag="856" ind1="4" ind2=" ">
    <subfield code="y">GID188</subfield>
    <subfield code="9">33cb7c5e-3f26-44d7-ab20-7302e79de6d2</subfield>
    <subfield code="s">588866</subfield>
    <subfield code="u">https://digicoll.lib.berkeley.edu/record/207284/files/1880.jpeg</subfield>
  </datafield>
  <datafield tag="856" ind1="4" ind2=" ">
    <subfield code="y">GID189</subfield>
    <subfield code="9">3c7a7f55-a764-4141-9691-39078d560dbe</subfield>
    <subfield code="s">548849</subfield>
    <subfield code="u">https://digicoll.lib.berkeley.edu/record/207284/files/1890.jpeg</subfield>
  </datafield>
  <datafield tag="856" ind1="4" ind2=" ">
    <subfield code="y">GID190</subfield>
    <subfield code="9">f10b0b1b-1b70-4463-8b89-1d9fa871c70a</subfield>
    <subfield code="s">503493</subfield>
    <subfield code="u">https://digicoll.lib.berkeley.edu/record/207284/files/1900.jpeg</subfield>
  </datafield>
  <datafield tag="856" ind1="4" ind2=" ">
    <subfield code="y">GID191</subfield>
    <subfield code="9">f62d196e-3e7b-4f5c-a2fa-5a60f03b2dd2</subfield>
    <subfield code="s">562400</subfield>
    <subfield code="u">https://digicoll.lib.berkeley.edu/record/207284/files/1910.jpeg</subfield>
  </datafield>
  <datafield tag="856" ind1="4" ind2=" ">
    <subfield code="y">GID192</subfield>
    <subfield code="9">65e34407-2d83-4308-8c69-3f73ee9c09d6</subfield>
    <subfield code="s">578908</subfield>
    <subfield code="u">https://digicoll.lib.berkeley.edu/record/207284/files/1920.jpeg</subfield>
  </datafield>
  <datafield tag="856" ind1="4" ind2=" ">
    <subfield code="y">GID193</subfield>
    <subfield code="9">7afd5318-83a3-4577-9b77-f36587c7cffa</subfield>
    <subfield code="s">558804</subfield>
    <subfield code="u">https://digicoll.lib.berkeley.edu/record/207284/files/1930.jpeg</subfield>
  </datafield>
  <datafield tag="856" ind1="4" ind2=" ">
    <subfield code="y">GID194</subfield>
    <subfield code="9">df6f97dd-c7e9-4a95-a3b7-a0e7a60c85a0</subfield>
    <subfield code="s">589182</subfield>
    <subfield code="u">https://digicoll.lib.berkeley.edu/record/207284/files/1940.jpeg</subfield>
  </datafield>
  <datafield tag="856" ind1="4" ind2=" ">
    <subfield code="y">GID195</subfield>
    <subfield code="9">d839a26f-bf5a-455a-b54b-2b00c36336d2</subfield>
    <subfield code="s">578985</subfield>
    <subfield code="u">https://digicoll.lib.berkeley.edu/record/207284/files/1950.jpeg</subfield>
  </datafield>
  <datafield tag="856" ind1="4" ind2=" ">
    <subfield code="y">GID196</subfield>
    <subfield code="9">2524f4ae-1e0f-41a8-a353-f2e0b320fccb</subfield>
    <subfield code="s">547457</subfield>
    <subfield code="u">https://digicoll.lib.berkeley.edu/record/207284/files/1960.jpeg</subfield>
  </datafield>
  <datafield tag="856" ind1="4" ind2=" ">
    <subfield code="y">GID197</subfield>
    <subfield code="9">8a18611c-5382-4c35-b9f4-c4822ad1682c</subfield>
    <subfield code="s">569586</subfield>
    <subfield code="u">https://digicoll.lib.berkeley.edu/record/207284/files/1970.jpeg</subfield>
  </datafield>
  <datafield tag="856" ind1="4" ind2=" ">
    <subfield code="y">GID198</subfield>
    <subfield code="9">f615d793-fb1a-4951-bbf8-3b8b3922159d</subfield>
    <subfield code="s">568198</subfield>
    <subfield code="u">https://digicoll.lib.berkeley.edu/record/207284/files/1980.jpeg</subfield>
  </datafield>
  <datafield tag="856" ind1="4" ind2=" ">
    <subfield code="y">GID199</subfield>
    <subfield code="9">156e92e5-1e8a-4d67-b155-4bc3ae1a0f6e</subfield>
    <subfield code="s">564173</subfield>
    <subfield code="u">https://digicoll.lib.berkeley.edu/record/207284/files/1990.jpeg</subfield>
  </datafield>
  <datafield tag="856" ind1="4" ind2=" ">
    <subfield code="y">GID200</subfield>
    <subfield code="9">9aa6b6c8-aff3-4ce2-8788-03b72e00d6b8</subfield>
    <subfield code="s">566646</subfield>
    <subfield code="u">https://digicoll.lib.berkeley.edu/record/207284/files/2000.jpeg</subfield>
  </datafield>
  <datafield tag="856" ind1="4" ind2=" ">
    <subfield code="y">GID201</subfield>
    <subfield code="9">a671f0e8-c0e7-4a5c-9e06-abc930741f30</subfield>
    <subfield code="s">594677</subfield>
    <subfield code="u">https://digicoll.lib.berkeley.edu/record/207284/files/2010.jpeg</subfield>
  </datafield>
  <datafield tag="856" ind1="4" ind2=" ">
    <subfield code="y">GID202</subfield>
    <subfield code="9">7ee277cc-ac12-4761-9e86-fa52f3e8f2aa</subfield>
    <subfield code="s">565317</subfield>
    <subfield code="u">https://digicoll.lib.berkeley.edu/record/207284/files/2020.jpeg</subfield>
  </datafield>
  <datafield tag="856" ind1="4" ind2=" ">
    <subfield code="y">GID203</subfield>
    <subfield code="9">6ebaeaa6-1906-4224-83a0-f87359e2a0c4</subfield>
    <subfield code="s">579434</subfield>
    <subfield code="u">https://digicoll.lib.berkeley.edu/record/207284/files/2030.jpeg</subfield>
  </datafield>
  <datafield tag="856" ind1="4" ind2=" ">
    <subfield code="y">GID204</subfield>
    <subfield code="9">fc2f9b20-09e9-4766-8532-af0d22778b8b</subfield>
    <subfield code="s">548740</subfield>
    <subfield code="u">https://digicoll.lib.berkeley.edu/record/207284/files/2040.jpeg</subfield>
  </datafield>
  <datafield tag="856" ind1="4" ind2=" ">
    <subfield code="y">GID205</subfield>
    <subfield code="9">7f0d1079-8d19-4388-97c4-39de33443960</subfield>
    <subfield code="s">456293</subfield>
    <subfield code="u">https://digicoll.lib.berkeley.edu/record/207284/files/2050.jpeg</subfield>
  </datafield>
  <datafield tag="856" ind1="4" ind2=" ">
    <subfield code="y">GID206</subfield>
    <subfield code="9">d55b7dd2-7712-4aee-8506-e44e97b8dee1</subfield>
    <subfield code="s">571716</subfield>
    <subfield code="u">https://digicoll.lib.berkeley.edu/record/207284/files/2060.jpeg</subfield>
  </datafield>
  <datafield tag="856" ind1="4" ind2=" ">
    <subfield code="y">GID207</subfield>
    <subfield code="9">aa1d6c67-c7c4-4cb1-ac96-bbe13d1b4315</subfield>
    <subfield code="s">595699</subfield>
    <subfield code="u">https://digicoll.lib.berkeley.edu/record/207284/files/2070.jpeg</subfield>
  </datafield>
  <datafield tag="856" ind1="4" ind2=" ">
    <subfield code="y">GID208</subfield>
    <subfield code="9">9c5cc2fc-191c-4bee-897f-c5cd004c5d81</subfield>
    <subfield code="s">573347</subfield>
    <subfield code="u">https://digicoll.lib.berkeley.edu/record/207284/files/2080.jpeg</subfield>
  </datafield>
  <datafield tag="856" ind1="4" ind2=" ">
    <subfield code="y">GID209</subfield>
    <subfield code="9">83cb7039-6715-4528-a8fe-d7475bf5c858</subfield>
    <subfield code="s">595574</subfield>
    <subfield code="u">https://digicoll.lib.berkeley.edu/record/207284/files/2090.jpeg</subfield>
  </datafield>
  <datafield tag="856" ind1="4" ind2=" ">
    <subfield code="y">GID210</subfield>
    <subfield code="9">8ea804aa-cf7d-472c-9799-49248d4ff796</subfield>
    <subfield code="s">616881</subfield>
    <subfield code="u">https://digicoll.lib.berkeley.edu/record/207284/files/2100.jpeg</subfield>
  </datafield>
  <datafield tag="856" ind1="4" ind2=" ">
    <subfield code="y">GID211</subfield>
    <subfield code="9">a38bfd6f-318c-4a65-80c1-0700c0230c7b</subfield>
    <subfield code="s">591666</subfield>
    <subfield code="u">https://digicoll.lib.berkeley.edu/record/207284/files/2110.jpeg</subfield>
  </datafield>
  <datafield tag="856" ind1="4" ind2=" ">
    <subfield code="y">GID212</subfield>
    <subfield code="9">e75748a7-9188-4220-b06e-f3b02eac258a</subfield>
    <subfield code="s">589946</subfield>
    <subfield code="u">https://digicoll.lib.berkeley.edu/record/207284/files/2120.jpeg</subfield>
  </datafield>
  <datafield tag="856" ind1="4" ind2=" ">
    <subfield code="y">GID213</subfield>
    <subfield code="9">c7c84f10-e29c-4631-8511-f565174ce6bd</subfield>
    <subfield code="s">581622</subfield>
    <subfield code="u">https://digicoll.lib.berkeley.edu/record/207284/files/2130.jpeg</subfield>
  </datafield>
  <datafield tag="856" ind1="4" ind2=" ">
    <subfield code="y">GID214</subfield>
    <subfield code="9">100f0395-c090-4597-8705-1d1abf242035</subfield>
    <subfield code="s">573803</subfield>
    <subfield code="u">https://digicoll.lib.berkeley.edu/record/207284/files/2140.jpeg</subfield>
  </datafield>
  <datafield tag="856" ind1="4" ind2=" ">
    <subfield code="y">GID215</subfield>
    <subfield code="9">b7877c51-ada7-445b-8995-e4ce6d0e39e7</subfield>
    <subfield code="s">573280</subfield>
    <subfield code="u">https://digicoll.lib.berkeley.edu/record/207284/files/2150.jpeg</subfield>
  </datafield>
  <datafield tag="856" ind1="4" ind2=" ">
    <subfield code="y">GID216</subfield>
    <subfield code="9">6e3fac5c-4b57-4ffa-bd6d-7c0a482828c8</subfield>
    <subfield code="s">530547</subfield>
    <subfield code="u">https://digicoll.lib.berkeley.edu/record/207284/files/2160.jpeg</subfield>
  </datafield>
  <datafield tag="856" ind1="4" ind2=" ">
    <subfield code="y">GID217</subfield>
    <subfield code="9">52523ef1-ae6f-41b8-ab46-707958deaea1</subfield>
    <subfield code="s">506746</subfield>
    <subfield code="u">https://digicoll.lib.berkeley.edu/record/207284/files/2170.jpeg</subfield>
  </datafield>
  <datafield tag="856" ind1="4" ind2=" ">
    <subfield code="y">GID218</subfield>
    <subfield code="9">378222ef-9a26-4ef1-8bff-47e9045fafc3</subfield>
    <subfield code="s">517330</subfield>
    <subfield code="u">https://digicoll.lib.berkeley.edu/record/207284/files/2180.jpeg</subfield>
  </datafield>
  <datafield tag="856" ind1="4" ind2=" ">
    <subfield code="y">GID219</subfield>
    <subfield code="9">69e01e73-33ee-4818-bbc5-965ac94eafa9</subfield>
    <subfield code="s">539550</subfield>
    <subfield code="u">https://digicoll.lib.berkeley.edu/record/207284/files/2190.jpeg</subfield>
  </datafield>
  <datafield tag="856" ind1="4" ind2=" ">
    <subfield code="y">GID220</subfield>
    <subfield code="9">c56e8cf1-2e8e-43a3-a50f-f0eb8510aefe</subfield>
    <subfield code="s">555200</subfield>
    <subfield code="u">https://digicoll.lib.berkeley.edu/record/207284/files/2200.jpeg</subfield>
  </datafield>
  <datafield tag="856" ind1="4" ind2=" ">
    <subfield code="y">GID221</subfield>
    <subfield code="9">1bd16821-5dfc-4d97-9e3a-1b79d37bc73e</subfield>
    <subfield code="s">492294</subfield>
    <subfield code="u">https://digicoll.lib.berkeley.edu/record/207284/files/2210.jpeg</subfield>
  </datafield>
  <datafield tag="856" ind1="4" ind2=" ">
    <subfield code="y">GID222</subfield>
    <subfield code="9">d77c9192-3a00-4398-937a-fd236f061efe</subfield>
    <subfield code="s">491180</subfield>
    <subfield code="u">https://digicoll.lib.berkeley.edu/record/207284/files/2220.jpeg</subfield>
  </datafield>
  <datafield tag="856" ind1="4" ind2=" ">
    <subfield code="y">GID223</subfield>
    <subfield code="9">97d320c8-a8d3-4650-9874-e70ed08cea70</subfield>
    <subfield code="s">545656</subfield>
    <subfield code="u">https://digicoll.lib.berkeley.edu/record/207284/files/2230.jpeg</subfield>
  </datafield>
  <datafield tag="856" ind1="4" ind2=" ">
    <subfield code="y">GID224</subfield>
    <subfield code="9">50933fe0-3f03-40c0-9f3b-0427811596b2</subfield>
    <subfield code="s">560576</subfield>
    <subfield code="u">https://digicoll.lib.berkeley.edu/record/207284/files/2240.jpeg</subfield>
  </datafield>
  <datafield tag="856" ind1="4" ind2=" ">
    <subfield code="y">GID225</subfield>
    <subfield code="9">65bae7d2-4b7b-48dd-9a23-f42540753a99</subfield>
    <subfield code="s">583297</subfield>
    <subfield code="u">https://digicoll.lib.berkeley.edu/record/207284/files/2250.jpeg</subfield>
  </datafield>
  <datafield tag="856" ind1="4" ind2=" ">
    <subfield code="y">GID226</subfield>
    <subfield code="9">b6fad07f-1540-4843-8fbc-dbeedb31246e</subfield>
    <subfield code="s">569784</subfield>
    <subfield code="u">https://digicoll.lib.berkeley.edu/record/207284/files/2260.jpeg</subfield>
  </datafield>
  <datafield tag="856" ind1="4" ind2=" ">
    <subfield code="y">GID227</subfield>
    <subfield code="9">d3398756-d750-4b2b-9ba9-89277f327c6e</subfield>
    <subfield code="s">581561</subfield>
    <subfield code="u">https://digicoll.lib.berkeley.edu/record/207284/files/2270.jpeg</subfield>
  </datafield>
  <datafield tag="856" ind1="4" ind2=" ">
    <subfield code="y">GID228</subfield>
    <subfield code="9">4993a514-7dc5-4e5a-8f91-698081e6bb54</subfield>
    <subfield code="s">551343</subfield>
    <subfield code="u">https://digicoll.lib.berkeley.edu/record/207284/files/2280.jpeg</subfield>
  </datafield>
  <datafield tag="856" ind1="4" ind2=" ">
    <subfield code="y">GID229</subfield>
    <subfield code="9">fc32576e-32c2-41ec-99cf-c733cce21d11</subfield>
    <subfield code="s">560782</subfield>
    <subfield code="u">https://digicoll.lib.berkeley.edu/record/207284/files/2290.jpeg</subfield>
  </datafield>
  <datafield tag="856" ind1="4" ind2=" ">
    <subfield code="y">GID230</subfield>
    <subfield code="9">21800a57-e179-4adc-8f29-0d2d2f9ab12e</subfield>
    <subfield code="s">559798</subfield>
    <subfield code="u">https://digicoll.lib.berkeley.edu/record/207284/files/2300.jpeg</subfield>
  </datafield>
  <datafield tag="856" ind1="4" ind2=" ">
    <subfield code="y">GID231</subfield>
    <subfield code="9">98c9a214-6df8-4725-98c8-6e3edf7d9bf2</subfield>
    <subfield code="s">565541</subfield>
    <subfield code="u">https://digicoll.lib.berkeley.edu/record/207284/files/2310.jpeg</subfield>
  </datafield>
  <datafield tag="856" ind1="4" ind2=" ">
    <subfield code="y">GID232</subfield>
    <subfield code="9">e5954fad-cf6a-4f1e-a294-6cd94f27de8f</subfield>
    <subfield code="s">562606</subfield>
    <subfield code="u">https://digicoll.lib.berkeley.edu/record/207284/files/2320.jpeg</subfield>
  </datafield>
  <datafield tag="856" ind1="4" ind2=" ">
    <subfield code="y">GID233</subfield>
    <subfield code="9">a7c0e648-93d8-4208-a2af-6e4dc8e83db8</subfield>
    <subfield code="s">577623</subfield>
    <subfield code="u">https://digicoll.lib.berkeley.edu/record/207284/files/2330.jpeg</subfield>
  </datafield>
  <datafield tag="856" ind1="4" ind2=" ">
    <subfield code="y">GID234</subfield>
    <subfield code="9">55a7a80c-3fa5-46df-a4f9-5245116626df</subfield>
    <subfield code="s">531239</subfield>
    <subfield code="u">https://digicoll.lib.berkeley.edu/record/207284/files/2340.jpeg</subfield>
  </datafield>
  <datafield tag="856" ind1="4" ind2=" ">
    <subfield code="y">GID235</subfield>
    <subfield code="9">61be96e5-02f4-4b80-b75e-4bdc9d4f5d9a</subfield>
    <subfield code="s">415385</subfield>
    <subfield code="u">https://digicoll.lib.berkeley.edu/record/207284/files/2350.jpeg</subfield>
  </datafield>
  <datafield tag="856" ind1="4" ind2=" ">
    <subfield code="y">GID236</subfield>
    <subfield code="9">e3889b25-39e9-4b69-8dfc-83d1e5bfc560</subfield>
    <subfield code="s">505133</subfield>
    <subfield code="u">https://digicoll.lib.berkeley.edu/record/207284/files/2360.jpeg</subfield>
  </datafield>
  <datafield tag="856" ind1="4" ind2=" ">
    <subfield code="y">GID237</subfield>
    <subfield code="9">614d65f5-e9dc-4876-98de-3f1384407176</subfield>
    <subfield code="s">510141</subfield>
    <subfield code="u">https://digicoll.lib.berkeley.edu/record/207284/files/2370.jpeg</subfield>
  </datafield>
  <datafield tag="856" ind1="4" ind2=" ">
    <subfield code="y">GID238</subfield>
    <subfield code="9">5e56df24-6679-4c69-b6e0-c8f074b072ae</subfield>
    <subfield code="s">510301</subfield>
    <subfield code="u">https://digicoll.lib.berkeley.edu/record/207284/files/2380.jpeg</subfield>
  </datafield>
  <datafield tag="856" ind1="4" ind2=" ">
    <subfield code="y">GID239</subfield>
    <subfield code="9">5e4cc2a0-71bb-4b5d-816a-3a8178a4f485</subfield>
    <subfield code="s">547803</subfield>
    <subfield code="u">https://digicoll.lib.berkeley.edu/record/207284/files/2390.jpeg</subfield>
  </datafield>
  <datafield tag="856" ind1="4" ind2=" ">
    <subfield code="y">GID240</subfield>
    <subfield code="9">f276f40e-51e5-443d-9f77-155cf51f060d</subfield>
    <subfield code="s">528479</subfield>
    <subfield code="u">https://digicoll.lib.berkeley.edu/record/207284/files/2400.jpeg</subfield>
  </datafield>
  <datafield tag="856" ind1="4" ind2=" ">
    <subfield code="y">GID241</subfield>
    <subfield code="9">e0f6a59b-c48f-4d00-92f1-850dda442a40</subfield>
    <subfield code="s">582506</subfield>
    <subfield code="u">https://digicoll.lib.berkeley.edu/record/207284/files/2410.jpeg</subfield>
  </datafield>
  <datafield tag="856" ind1="4" ind2=" ">
    <subfield code="y">GID242</subfield>
    <subfield code="9">87bdf470-3628-4733-bea8-527949e3070d</subfield>
    <subfield code="s">569816</subfield>
    <subfield code="u">https://digicoll.lib.berkeley.edu/record/207284/files/2420.jpeg</subfield>
  </datafield>
  <datafield tag="856" ind1="4" ind2=" ">
    <subfield code="y">GID243</subfield>
    <subfield code="9">3278f7ef-3e24-4af8-9ae4-440b30dd9b54</subfield>
    <subfield code="s">558350</subfield>
    <subfield code="u">https://digicoll.lib.berkeley.edu/record/207284/files/2430.jpeg</subfield>
  </datafield>
  <datafield tag="856" ind1="4" ind2=" ">
    <subfield code="y">GID244</subfield>
    <subfield code="9">34d659b9-d85e-4973-8b21-40eec6c286ac</subfield>
    <subfield code="s">552812</subfield>
    <subfield code="u">https://digicoll.lib.berkeley.edu/record/207284/files/2440.jpeg</subfield>
  </datafield>
  <datafield tag="856" ind1="4" ind2=" ">
    <subfield code="y">GID245</subfield>
    <subfield code="9">3f6c068d-402c-42d6-ae10-1ead400c193b</subfield>
    <subfield code="s">555681</subfield>
    <subfield code="u">https://digicoll.lib.berkeley.edu/record/207284/files/2450.jpeg</subfield>
  </datafield>
  <datafield tag="856" ind1="4" ind2=" ">
    <subfield code="y">GID246</subfield>
    <subfield code="9">3fc4935b-753b-4d60-b034-42213db42cb7</subfield>
    <subfield code="s">523450</subfield>
    <subfield code="u">https://digicoll.lib.berkeley.edu/record/207284/files/2460.jpeg</subfield>
  </datafield>
  <datafield tag="856" ind1="4" ind2=" ">
    <subfield code="y">GID247</subfield>
    <subfield code="9">6ce24e0a-dce3-43ea-93fc-3025e8d5c712</subfield>
    <subfield code="s">488540</subfield>
    <subfield code="u">https://digicoll.lib.berkeley.edu/record/207284/files/2470.jpeg</subfield>
  </datafield>
  <datafield tag="880" ind1=" " ind2=" ">
    <subfield code="6">100-01/$1</subfield>
    <subfield code="a">,  1187-1269.</subfield>
  </datafield>
  <datafield tag="880" ind1=" " ind2=" ">
    <subfield code="6">245-02/$1</subfield>
    <subfield code="a"></subfield>
    <subfield code="b">, </subfield>
  </datafield>
  <datafield tag="880" ind1=" " ind2=" ">
    <subfield code="6">260-03/$1</subfield>
    <subfield code="a">[China</subfield>
    <subfield code="b">s.n.</subfield>
    <subfield code="c">, between 1249 and 1279]</subfield>
  </datafield>
  <datafield tag="880" ind1=" " ind2=" ">
    <subfield code="6">500-00/$1</subfield>
    <subfield code="a">""" ... ".</subfield>
  </datafield>
  <datafield tag="880" ind1=" " ind2=" ">
    <subfield code="6">500-00/$1</subfield>
    <subfield code="a">19.4 x 12.9, 1021, , , . .</subfield>
  </datafield>
  <datafield tag="880" ind1=" " ind2=" ">
    <subfield code="6">500-00/$1</subfield>
    <subfield code="a">(40-45)19.4 x 12.9, 1021, , , . """".</subfield>
  </datafield>
  <datafield tag="880" ind1=" " ind2=" ">
    <subfield code="6">590-00/$1</subfield>
    <subfield code="a">"", "", "", "".</subfield>
  </datafield>
  <datafield tag="880" ind1=" " ind2=" ">
    <subfield code="6">650-04/$1</subfield>
    <subfield code="a"> --  -- .</subfield>
  </datafield>
  <datafield tag="880" ind1=" " ind2=" ">
    <subfield code="6">700-05/$1</subfield>
    <subfield code="e">.</subfield>
    <subfield code="a"></subfield>
  </datafield>
  <datafield tag="880" ind1=" " ind2=" ">
    <subfield code="6">700-06/$1</subfield>
    <subfield code="e">.</subfield>
    <subfield code="a">,  1620-1691</subfield>
  </datafield>
  <datafield tag="880" ind1=" " ind2=" ">
    <subfield code="6">700-07/$1</subfield>
    <subfield code="e">.</subfield>
    <subfield code="a">,  1733-1818</subfield>
  </datafield>
  <datafield tag="880" ind1=" " ind2=" ">
    <subfield code="6">700-08/$1</subfield>
    <subfield code="e">.</subfield>
    <subfield code="a">,  1776-1835</subfield>
  </datafield>
  <datafield tag="880" ind1=" " ind2=" ">
    <subfield code="6">700-09/$1</subfield>
    <subfield code="e">.</subfield>
    <subfield code="a">,  1882-1963</subfield>
  </datafield>
  <datafield tag="901" ind1=" " ind2=" ">
    <subfield code="m">b11352267</subfield>
    <subfield code="o">122793034</subfield>
  </datafield>
  <datafield tag="902" ind1=" " ind2=" ">
    <subfield code="d">2021-01-26</subfield>
    <subfield code="n">YZ</subfield>
  </datafield>
  <datafield tag="903" ind1=" " ind2=" ">
    <subfield code="b">m</subfield>
  </datafield>
  <datafield tag="980" ind1=" " ind2=" ">
    <subfield code="a">Houcun ju shi ji</subfield>
  </datafield>
  <datafield tag="982" ind1=" " ind2=" ">
    <subfield code="a">Houcun ju shi ji</subfield>
    <subfield code="b">Houcun ju shi ji</subfield>
  </datafield>
</record>
  </collection>
</response>
